2956 4044
1485 191 1525 232 V

310 328 371 372 sic
407 329 452 370 in
486 327 633 371 codice
665 327 894 384 scriptum:

574 398 726 454 ὥσπερ
754 396 808 442 τὰ
836 401 924 442 τῶν
952 399 1124 455 θηρίων
1151 396 1244 455 ἴχνη
1278 392 1560 456 ἀναζητοῦσιν
1590 396 1631 443 οἱ
1661 399 1847 456 κυνηγοὶ,
1886 396 2001 442 οἱῖτω
2040 399 2110 441 καὶ
2148 397 2272 441 αι’-τοὶ
2297 398 2388 441 κατ’
2421 393 2539 451 ἴχνος
2566 392 2704 449 εῧθῦς

568 475 647 515 τοῦ
678 469 875 527 Πάριδος
905 470 1107 528 ἔδραμον.
1135 470 1186 514 τὸ
1214 472 1261 515 δὲ
1288 465 1496 529 ἶίφαντον,
1526 471 1623 533 ἐξιεῖ
1653 468 1824 529 φανερά
1867 469 1952 514 εἶσι
1989 467 2043 512 τὰ
2081 472 2169 512 τῶν
2207 469 2378 526 θηρίων
2420 467 2526 526 ἴχνη,
2571 467 2624 512 τὰ
2655 469 2703 514 δὲ

568 548 658 588 τῶν
688 547 797 588 νεῶν
827 539 987 602 ἀφανῆ.

307 618 675 662 inconsiderantia
704 616 821 660 haud
852 618 1023 674 vulgari
1053 632 1121 674 ap.
1156 616 1292 660 Dind.
1321 617 1376 659 ad
1406 617 1568 661 v.624:

1030 687 1135 747 ἁνὴρ
1164 683 1359 748 ἄφαντος
1387 688 1436 743 ἐξ
1461 684 1663 743 Ἀχαϊκοῦ
1693 690 1884 744 στρατοῦ

1031 756 1163 813 αὐτός
1189 778 1236 804 τε
1268 761 1339 804 καὶ
1367 758 1417 803 τό
1449 761 1609 804 πλοῖον

307 834 491 876 relatum
522 842 587 877 est
617 833 856 891 praemisso
883 833 1012 876 etiam
1045 833 1153 877 falso
1185 833 1387 876 lemmate
1416 825 1621 890 ἄφαντος,
1654 847 1914 890 quamquam
1946 832 1988 875 in
2021 832 2115 888 ipso
2150 831 2316 876 scholio
2348 828 2397 874 τὸ
2429 831 2477 874 δὲ
2505 824 2701 889 ἄφαντον

306 902 478 961 legitur.
538 904 774 949 Praeterea
805 903 961 948 omissa
993 912 1092 949 sunt
1122 899 1273 959 σχόλια
1302 901 1467 948 παλαιά
1497 903 1549 947 ad
1583 903 1736 959 v.268,
1757 903 1855 960 269,
1895 904 1993 959 alia,
2034 917 2144 961 quae
2185 917 2300 947 nunc
2349 918 2406 948 ex
2455 918 2494 947 v,
2528 903 2699 947 Heusd.

305 976 372 1020 ed.
403 978 563 1033 Agam.
592 976 784 1035 suppleri
811 987 1005 1034 possunt.
1034 978 1079 1021 in
1113 978 1211 1023 aliis
1244 977 1419 1020 scholiis
1447 977 1659 1021 Triclinio
1692 977 1836 1020 omnia
1867 977 2028 1020 tributa
2069 984 2170 1019 sunt
2212 991 2393 1032 quorum
2434 993 2533 1036 pars
2573 985 2701 1019 vetu-

305 1048 410 1092 stior
440 1057 519 1104 est,
549 1056 595 1092 ut
624 1065 662 1093 V.
679 1049 774 1103 306,
790 1048 884 1101 389,
902 1049 1108 1105 542,716‚
1142 1050 1197 1093 al.
1238 1049 1404 1095 Contra
1436 1050 1570 1094 schol.
1590 1066 1630 1094 v,
1647 1050 1703 1092 49
1734 1050 1845 1094 male
1876 1049 1992 1094 inter
2020 1057 2169 1094 vetera
2199 1051 2472 1094 conlocatum
2507 1058 2572 1095 est
2601 1066 2701 1095 cum

304 1121 359 1163 sit
398 1121 598 1165 Triclinii
642 1121 757 1176 (cod.
790 1121 922 1166 Vind.
953 1122 990 1165 δ.
1021 1138 1100 1178 τρ.,
1144 1137 1185 1163 v.
1216 1122 1384 1165 Heusd.
1420 1119 1575 1180 ἡμέτ.).
1632 1121 1837 1180 Denique
1869 1121 2117 1163 addendum
2164 1129 2241 1174 cst,
2284 1121 2563 1166 Dindorfium
2602 1139 2701 1166 cum

304 1209 392 1236 non
420 1195 502 1236 nisi
533 1210 628 1236 eam
654 1194 922 1236 scholiorum
951 1202 1116 1252 partem
1151 1194 1335 1247 dederit,
1366 1210 1477 1252 quae
1507 1195 1551 1235 in
1580 1193 1850 1249 marginibus
1881 1193 2047 1235 codicis
2078 1194 2237 1250 scripta
2269 1202 2348 1247 est,
2381 1195 2588 1239 maiorem
2619 1212 2699 1239 nu-

304 1280 470 1309 merum
515 1281 666 1310 corum
708 1281 816 1322 quae
859 1282 955 1310 cum
989 1267 1167 1309 scholiis
1199 1267 1412 1310 Mediceis
1441 1267 1678 1308 concinunt
1708 1266 1917 1308 omisisse.
1989 1281 2173 1321 namque
2219 1266 2334 1322 quod
2376 1281 2507 1322 saepe
2551 1267 2599 1309 fit
2629 1268 2701 1310 hic

305 1352 476 1397 quoquc
522 1339 685 1381 factum
742 1346 826 1393 est,
871 1346 917 1381 ut
971 1340 1165 1381 eiusdem
1209 1341 1405 1396 corporis
1453 1339 1620 1381 scholia
1670 1340 1754 1378 alia
1794 1339 1838 1378 in
1879 1340 2074 1395 margine
2116 1339 2423 1390 scriberentur,
2468 1339 2567 1392 alia,
2621 1355 2702 1380 nec

304 1412 444 1453 solum
479 1412 745 1464 brevissima,
776 1412 891 1453 inter
921 1413 1070 1454 lineas.
1104 1413 1321 1467 neglectis
1354 1413 1489 1465 igitur
1509 1411 1560 1453 iis
1582 1427 1690 1466 quae
1723 1427 1808 1452 non
1833 1412 1877 1454 in
1907 1413 2106 1467 margine
2136 1412 2296 1467 scripta
2325 1419 2426 1453 sunt
2442 1411 2699 1456 Dindorfius

299 1481 472 1539 ‘viginti
504 1490 546 1524 et
577 1476 670 1524 sex'
705 1483 872 1525 scholia
898 1483 1106 1526 Mediceis
1141 1484 1298 1527 similia
1330 1484 1473 1526 dedit:
1504 1483 1546 1525 in
1578 1483 1725 1525 codice
1771 1478 2024 1540 ‘octoginta'
2070 1485 2184 1526 fere
2214 1484 2434 1539 leg-untur.
2494 1484 2563 1526 Ex
2605 1486 2697 1541 qui-

303 1557 381 1598 bus
411 1556 697 1612 intellegitur,
727 1555 919 1598 calculos
955 1556 1230 1600 aDindorfio
1264 1558 1293 1600 l.
1312 1558 1339 1600 l.
1359 1572 1399 1614 p.
1416 1557 1470 1599 29
1488 1571 1577 1612 seq.
1607 1556 1842 1599 subductos
1873 1557 1963 1611 (die
1983 1558 2092 1600 Zahl
2123 1557 2266 1600 dieser
2289 1557 2500 1602 Scholien
2523 1559 2698 1615 betragt

304 1629 398 1684 121,
430 1643 517 1670 von
547 1629 745 1671 welchen
776 1631 828 1670 41
860 1630 938 1672 auf
964 1629 1035 1672 die
1065 1630 1107 1672 in
1138 1630 1217 1673 der
1246 1630 1568 1673 mediceischcn
1586 1630 1873 1673 Handschrift
1903 1630 2161 1674 erhaltenen
2190 1630 2272 1672 402
2287 1630 2446 1684 Verse,
2478 1630 2550 1673 die
2580 1632 2698 1673 iibri-

301 1713 390 1754 gen
418 1700 497 1742 auf
519 1700 590 1743 die
614 1700 726 1756 jetzt
754 1700 801 1742 in
836 1700 1068 1744 derselben
1099 1702 1339 1745 fehlenden
1370 1702 1577 1746 Partieen
1610 1701 1685 1745 des
1716 1702 1904 1748 Stiickes
1936 1703 2085 1746 fallen.
2116 1704 2218 1745 Von
2244 1704 2375 1759 Jenen
2407 1705 2459 1747 41
2485 1702 2698 1746 Scholien

301 1771 400 1815 sind
427 1771 482 1814 26
511 1787 586 1815 aus
617 1773 696 1815 der
728 1773 1051 1817 mediceischen
1082 1773 1374 1817 Handschrift
1403 1781 1698 1827 entnommen‚
1735 1773 1864 1817 theils
1896 1774 2167 1832 vollstandig
2194 1775 2285 1818 und
2316 1776 2536 1823 wortlich.
2567 1776 2697 1819 theils

302 1843 550 1899 vcrandert,
579 1846 827 1902 abgekiirzt
858 1846 963 1889 oder
991 1846 1067 1889 mit
1095 1847 1311 1890 Zusatzen
1343 1847 1572 1890 verschen.
1630 1845 1752 1889 Nach
1792 1847 1939 1891 dieser
1980 1847 2242 1906 Propertion
2286 1848 2469 1891 wiirden
2509 1849 2590 1893 wir
2626 1864 2698 1891 an—

301 1916 490 1960 nehmen
519 1922 707 1961 miissen:
739 1917 839 1961 dass
872 1919 963 1961 sich
997 1925 1125 1961 unter
1156 1919 1242 1961 den
1262 1919 1450 1976 iibrigen
1476 1920 1530 1961 80
1551 1920 1758 1964 Scholion
1788 1922 2008 1976 ungefahr
2037 1921 2094 1962 50
2123 1921 2340 1972 befinden,
2375 1921 2446 1962 die
2479 1922 2575 1963 ihre
2593 1922 2698 1963 Ent-

301 1989 492 2047 stehung
522 1989 607 2033 den
638 1989 973 2045 mediccischen,
1009 1991 1080 2033 fiir
1108 2006 1188 2034 uns
1219 1991 1340 2033 nicht
1373 1992 1496 2034 mehr
1529 1991 1843 2034 vorhandenen
1872 1991 2140 2045 verda11ken,
2171 2006 2217 2033 so
2251 1991 2350 2034 dass
2381 2007 2464 2034 nur
2493 1993 2698 2049 30iibrig

301 2061 476 2104 bleiben
506 2061 703 2116 wiirdcn,
732 2064 902 2105 welche
932 2064 1008 2104 auf
1032 2064 1277 2120 Rechnung
1310 2063 1389 2105 der
1420 2079 1506 2105 von
1525 2064 1763 2106 Triclinius
1785 2065 2066 2121 excerpirten
2092 2064 2454 2120 byzantinischen
2488 2065 2699 2108 Scholien

303 2148 356 2175 zu
389 2134 575 2189 bringen
607 2140 754 2176 wiiren
783 2149 820 2177 e.
853 2150 895 2191 q.
925 2136 1029 2189 sec.)
1062 2150 1118 2177 ex
1149 2136 1265 2176 omni
1297 2144 1419 2193 parte
1453 2151 1548 2177 esse
1582 2137 1747 2177 inanes.

435 2207 517 2249 His
545 2208 681 2263 igitur
710 2210 956 2267 praemissis
992 2209 1156 2250 scholia
1186 2209 1345 2250 codicis
1376 2210 1629 2252 Fal-nesiani
1661 2210 1873 2251 Triclinio
1906 2210 2145 2250 vetustiora
2183 2209 2256 2250 ubi
2288 2209 2479 2250 conferri
2514 2218 2695 2264 possunt

303 2294 401 2321 curn
434 2280 647 2322 Mediceis
676 2282 964 2323 conferamus.

435 2354 699 2407 Agamemn.
731 2369 772 2394 v.
794 2355 895 2395 1081
928 2354 981 2394 ad
1014 2355 1146 2395 verba
1176 2354 1470 2397 Cassandrae:

1024 2419 1274 2478 ”Λ7τολλον,
1297 2420 1550 2477 ’ζείπολλοη

1029 2493 1190 2553 ἀγυιᾶτ’
1222 2493 1432 2541 αἰιὸλλων
1462 2495 1578 2551 ἐμός·

1030 2565 1261 2621 ἀπώλεσας
1288 2569 1365 2626 γὰρ
1398 2563 1449 2612 οὗ
1477 2565 1605 2624 μόλις
1632 2566 1683 2612 τὸ
1710 2565 1927 2624 &erumna

302 2644 345 2685 in
376 2643 471 2685 cod.
499 2641 626 2685 Farn.
657 2640 831 2696 σχόλιον
861 2643 1048 2686 παλαιὸν
1079 2644 1342 2701 adscriptum
1376 2651 1441 2685 est
1474 2642 1605 2685 hoce:

571 2714 734 2773 ἐκείνην
764 2713 841 2772 γὰρ
871 2711 1095 2760 ἀπώλειαν
1123 2714 1300 2774 πρώτην
1330 2713 1515 2774 ἡγοῦμαι
1544 2712 1624 2768 τήν
1653 2718 1728 2773 τῆς
1756 2716 1966 2770 δουλείας,
1996 2716 2199 2769 δὶα-[ἐραν
2219 2715 2265 2757 δὲ
2284 2712 2363 2769 τήν
2383 2715 2460 2755 τοῦ
2484 2710 2694 2755 θανάτου.

300 2788 344 2830 in
375 2787 441 2830 his
472 2788 607 2844 igitur
651 2791 783 2832 verba
821 2786 1060 2841 αἰιώλεσας
1096 2787 1146 2833 τὸ
1189 2787 1392 2844 δεύτερον
1428 2790 1488 2831 sie
1530 2789 1818 2846 explicantur,
1862 2798 1908 2829 ut
1950 2787 2194 2830 Cassandra
2231 2785 2466 2844 captivitati
2507 2786 2695 2827 alterum

301 2874 415 2902 nunc
447 2858 660 2902 adcedere
689 2861 892 2904 damnum
925 2862 1052 2915 dicat,
1098 2862 1327 2906 instantem
1367 2862 1446 2905 sibi
1480 2862 1645 2904 scilicet
1674 2869 1857 2904 mortem
1889 2861 1964 2915 (cf.
1998 2860 2135 2902 eiusd.
2168 2859 2262 2902 cod,
2299 2858 2436 2900 schol.
2466 2873 2553 2901 sec.
2584 2857 2695 2913 λέγει

301 2932 349 2974 δὲ
378 2929 454 2974 τὸν
480 2928 617 2988 αὐτῆς
647 2930 752 2976 ὅσον
784 2928 911 2976 οἶῖπω
941 2932 1226 2991 γενησόμενον
1256 2932 1483 2984 θάνατον).
1544 2936 1597 2976 In
1631 2935 1727 2978 cod.
1762 2935 1874 2978 Med.
1907 2934 2088 2988 legitur:

567 3003 732 3060 ἐκείνην
757 3006 837 3060 γὰρ
868 3001 1095 3049 α’πώλειαν
1121 3005 1267 3060 μόνως
1301 3005 1497 3059 ὁρίζομαι
1528 3003 1602 3060 τὴν
1630 3008 1705 3062 τῆς
1734 3005 1942 3055 δουλείας,
1974 2999 2025 3047 01³·
2058 3002 2134 3060 τῆν
2162 3006 2252 3046 νῦν.

302 3078 410 3119 haec
439 3091 544 3118 vero
574 3092 766 3132 exponas
797 3078 901 3120 mihi
933 3079 1063 3121 velim
1104 3095 1188 3135 quo
1229 3086 1356 3136 pacto
1397 3094 1495 3120 cum
1530 3077 1675 3120 verbis
1713 3084 1865 3134 poetae
1906 3076 2191 3119 cohaereant:
2231 3088 2315 3131 ego
2347 3088 2436 3117 non
2468 3073 2693 3128 intellego,

301 3165 403 3192 num
435 3148 479 3191 in
510 3149 595 3190 illis
628 3145 680 3191 οὗ
708 3147 835 3204 μόλις
865 3151 1153 3208 intellegebat
1184 3148 1337 3209 ‘paene
1368 3145 1503 3193 non'?
1532 3157 1574 3192 at
1604 3150 1799 3192 scholion
1829 3157 2062 3203 utrumque
2095 3148 2241 3191 verbis
2272 3147 2435 3202 ἓιείνην
2465 3145 2543 3201 γὰρ
2573 3140 2694 3188 ἀπώ-

301 3222 419 3263 λειαν
461 3220 678 3276 incipiens
710 3222 865 3264 iisdem
899 3222 1074 3278 ingredi
1118 3223 1312 3278 vestigiis
1347 3223 1529 3265 videtur.
1587 3223 1732 3277 itaque
1770 3222 1985 3276 originem
2030 3221 2206 3277 quidem
2247 3222 2398 3262 harum
2428 3218 2691 3276 ineptiarum
