2956 4044
1039 634 1335 707 REGTOR
1384 636 1482 706 ΕΤ
1529 634 1876 707 SENATVS

522 772 1051 826 VNIVERSITATIS
1084 773 1525 825 FRIDERICIAE
1562 773 1988 827 GVILELMIAE
2021 773 2398 823 RHENANAE

1220 889 1710 944 colffllhl'romssvs

1434 1018 1482 1070 S.

394 1189 659 1246 Tantopere‚
685 1185 1021 1242 commilitones,
1058 1186 1173 1230 circa
1206 1201 1256 1229 ea
1297 1202 1407 1246 quae
1442 1187 1606 1232 instant
1651 1187 1778 1232 huius
1811 1187 2120 1231 Vniversitatis
2149 1202 2272 1231 sacra
2305 1187 2660 1232 semisaecularia

268 1267 312 1304 et
338 1267 484 1304 mente
515 1267 559 1303 et
587 1259 730 1302 animo
761 1273 984 1302 versamur
1014 1260 1105 1311 toti,
1147 1266 1195 1302 ut
1224 1273 1368 1316 neque
1399 1274 1509 1316 quae
1540 1260 1595 1303 de
1629 1259 2015 1317 interpolationum
2050 1259 2241 1302 minutiis
2272 1267 2371 1318 post
2403 1259 2512 1302 duas
2542 1274 2657 1302 com-

267 1333 551 1377 mentationes
580 1338 745 1376 restant
777 1330 977 1375 addenda
1005 1331 1211 1389 persequi
1245 1332 1367 1374 iuvet
1395 1331 1541 1388 hodic,
1571 1346 1715 1389 neque
1748 1331 1876 1374 etiam
1907 1330 1961 1373 de
1991 1332 2209 1390 primariis
2231 1331 2548 1376 emendationis
2574 1333 2662 1376 Ae·

268 1405 475 1463 schyleae
494 1404 700 1455 fontibus,
731 1418 839 1461 quos
871 1418 1009 1463 nuper
1039 1405 1273 1448 enucleare
1306 1405 1544 1465 coepimus,
1576 1419 1779 1465 pergere,
1812 1419 2074 1461 quamquam
2103 1404 2158 1447 de
2179 1404 2264 1448 hoc
2284 1420 2457 1463 quoque
2485 1406 2550 1449 rei
2577 1406 2659 1449 cri-

270 1479 383 1522 ticae
414 1479 511 1522 loco
540 1477 759 1521 levissime
790 1477 929 1521 adhuc
958 1484 1138 1522 tractato
1168 1492 1297 1535 quam
1327 1477 1516 1536 plurima
1540 1476 1585 1520 in
1612 1482 1818 1535 promptu
1840 1476 2050 1519 habemus
2071 1483 2115 1519 et
2131 1475 2369 1534 aperienda
2390 1478 2660 1532 argumentis

270 1560 311 1596 et
343 1567 366 1595 e
398 1551 622 1596 codicibus
652 1550 905 1594 adferenda.
935 1551 1083 1594 Vnum
1112 1557 1279 1594 tantum
1312 1550 1444 1608 qnod,
1474 1551 1555 1593 etsi
1574 1549 1628 1592 ad
1647 1564 1740 1592 rem
1764 1562 1909 1607 nuper
1928 1556 2155 1591 tractatam
2177 1549 2379 1606 proxime
2395 1550 2659 1607 pertinebat,

270 1624 442 1667 chartae
474 1630 618 1666 tamen
648 1623 943 1680 temporisque
972 1624 1200 1679 angustiae
1231 1631 1335 1666 tunc
1364 1623 1528 1666 addere
1558 1622 1865 1679 prohibebant,
1895 1636 2010 1663 nunc
2041 1622 2190 1678 paucis
2223 1622 2582 1678 significabimus,
2612 1632 2660 1667 ut

269 1709 325 1738 ne
355 1695 486 1738 index
524 1695 768 1739 scholarum
809 1695 950 1751 primo
988 1701 1088 1752 post
1127 1696 1314 1738 alterum
1353 1695 1516 1738 saeculi
1545 1694 1773 1737 dimidium
1814 1708 1929 1736 anno
1969 1695 2265 1737 habendarum
2307 1710 2487 1753 prorsus
2514 1705 2662 1740 careat

272 1768 473 1825 exemplo
506 1768 901 1823 quantulocumque
932 1781 1080 1810 earum
1111 1780 1273 1822 rerum,
1300 1781 1411 1825 quae
1441 1767 1588 1810 lustris
1618 1766 1881 1809 instantibus
1912 1766 1996 1808 alia
2034 1781 2162 1823 quam
2192 1782 2279 1825 qua
2317 1782 2397 1824 per
2424 1769 2662 1825 praeterita

270 1841 565 1883 tractabantur
580 1838 834 1882 tractandae
854 1846 952 1882 sunt
981 1839 1162 1883 rationc.
1192 1839 1337 1896 agitur
1365 1845 1507 1882 autem
1540 1839 1584 1883 in
1614 1839 1680 1882 his
1711 1840 1841 1881 rebus
1873 1838 1927 1880 de
1958 1853 2225 1882 summorum
2257 1845 2483 1897 poetarum
2515 1855 2662 1884 emen·

272 1912 445 1955 datione
477 1912 530 1954 ab
565 1911 818 1970 opinionum
847 1912 1235 1970 praeiudicatamm
1266 1919 1487 1968 tamquam
1517 1912 1682 1955 catenis
1711 1912 1950 1955 liberanda.
1971 1936 2021 1941 -—
2054 1912 2198 1967 Igitur
2228 1912 2346 1969 quod
2380 1928 2533 1971 nuper,
2562 1929 2663 1956 cum

272 1985 638 2041 demonstrabam,
669 1993 838 2028 tantum
868 1986 1022 2028 abesse
1055 1994 1103 2028 ut
1132 1986 1297 2028 scholia
1329 1984 1529 2028 Medicea
1558 1984 1656 2027 fons
1681 1984 1844 2027 fuerint
1867 1984 2128 2027 scholiastae
2148 1986 2220 2039 A„
2251 1991 2300 2026 ut
2329 1994 2540 2044 excerpta
2573 1988 2660 2029 sint

273 2070 328 2101 ex
357 2056 408 2101 iis
437 2071 545 2114 quae
576 2058 622 2100 in
649 2058 827 2102 scholiis
846 2058 1079 2102 A.rectius
1109 2058 1414 2116 integriusque
1431 2058 1592 2116 scripta
1618 2056 1839 2112 leguntur,
1871 2056 1915 2096 in
1947 2064 2145 2098 extrema
2178 2058 2545 2100 commentatione
2576 2074 2662 2100 uno

271 2130 403 2173 verbo
437 2130 609 2173 monui:
637 2127 823 2174 ‘scholia
853 2131 1050 2174 Medicea
1084 2132 1129 2173 in
1161 2131 1404 2187 Trilogiam
1443 2137 1486 2172 et
1515 2130 1751 2187 Supplices
1791 2128 1948 2171 codem
1992 2145 2077 2185 quo
2125 2131 2293 2187 reliqua
2322 2131 2451 2174 modo
2481 2139 2576 2174 orta
2606 2132 2662 2174 ob

271 2218 450 2261 eamque
483 2211 655 2247 causam
683 2211 769 2246 tam
799 2205 1007 2261 perplexa
1038 2219 1133 2247 esse
1165 2212 1293 2260 atquc
1315 2200 1496 2258 vitiosa',
1526 2204 1609 2245 hoc
1637 2218 1725 2245 non
1756 2204 1896 2245 solum
1926 2204 1969 2244 in
1999 2204 2253 2246 universum
2272 2204 2449 2260 probari
2470 2219 2525 2247 ex
2545 2205 2663 2263 ipso—

270 2291 365 2319 rum
397 2276 662 2320 scholiorum
694 2277 953 2320 condicione
987 2284 1144 2334 potest,
1189 2276 1264 2319 sed
1301 2276 1432 2319 certis
1462 2274 1592 2316 etiam
1622 2273 1914 2316 demonstrari
1946 2275 2229 2328 argumentis,
2267 2291 2365 2318 cum
2399 2290 2485 2318 non
2519 2276 2662 2319 desint

271 2346 432 2389 scholia
462 2346 506 2388 in
539 2348 921 2402 Agamemnonem
951 2346 1160 2389 Mediceis
1192 2345 1439 2397 vetustiora,
1483 2358 1539 2386 ex
1572 2344 1727 2401 quibus
1763 2344 1837 2385 illa
1878 2344 2034 2386 eadem
2067 2360 2194 2400 quam
2233 2347 2276 2388 in
2309 2348 2469 2389 ceteris
2500 2348 2658 2390 fabulis

272 2417 457 2461 vidimus
487 2418 765 2463 festinatione
797 2435 846 2461 ac
879 2419 1052 2462 levitate
1072 2424 1244 2475 sumpta
1266 2424 1395 2473 atque
1430 2423 1635 2473 corrupta
1657 2424 1768 2458 sunt.
1832 2416 2004 2458 Etenim
2036 2433 2145 2474 quae
2179 2418 2452 2474 Dindorfius‚
2488 2434 2660 2462 omnem

271 2488 439 2532 scilicet
466 2488 520 2533 de
552 2490 769 2533 variorum
800 2489 1067 2532 scholiorum
1098 2488 1269 2544 origine
1292 2489 1632 2529 controversiam
1661 2489 1939 2541 diremturus,
1967 2489 2012 2529 in
2042 2489 2263 2544 Philologi
2293 2491 2513 2533 volumine
2541 2492 2663 2547 vige-

270 2560 378 2602 simo
412 2560 549 2604 edidit
582 2561 747 2604 codicis
780 2561 1036 2604 Farnesiani
1068 2561 1113 2602 in
1144 2560 1522 2614 Agamemnonem
1565 2560 1745 2612 scholia,
1784 2561 1829 2600 in
1869 2561 1921 2601 iis
1963 2576 2070 2618 quac
2109 2562 2202 2617 ipse
2232 2561 2466 2605 Triclinius
2494 2564 2662 2606 addidit

271 2646 466 2691 quaeque
498 2633 696 2676 adhibuit
727 2633 979 2686 vetustiora,
1010 2633 1137 2675 certis
1169 2633 1370 2674 distincta
1399 2641 1500 2674 sunt
1529 2633 1660 2674 notis.
1699 2633 1915 2691 separavit
1952 2633 2083 2689 igitur
2110 2635 2366 2677 Dindorfius
2398 2637 2665 2680 Tricliniana

271 2707 323 2748 ab
358 2706 409 2747 iis
442 2720 551 2761 quae
580 2706 624 2747 in
653 2706 805 2748 codice
839 2720 946 2747 voce
974 2702 1137 2748 παλαιά
1167 2704 1373 2759 insignita
1399 2711 1510 2747 sunt.
1538 2720 1722 2760 quorum
1750 2706 1801 2748 iis
1834 2721 1943 2762 quae
1975 2705 2153 2749 scholiis
2183 2707 2347 2750 codicis
2378 2708 2661 2751 vetustissimi

271 2776 307 2818 F
312 2776 515 2819 lorentini
546 2777 702 2819 similia
730 2785 830 2820 sunt
861 2777 1062 2835 adposuit
1093 2778 1199 2819 haec
1239 2790 1349 2831 quac
1392 2775 1577 2817 dicimus
1621 2777 1787 2819 scholia
1817 2777 2015 2820 Mcdicea
2061 2792 2115 2819 ex
2163 2777 2304 2835 iisque
2339 2778 2608 2822 Farnesiana
2639 2797 2665 2823 a

271 2849 556 2904 grammatico
596 2850 743 2906 aliquo
777 2850 1022 2908 Byzantino
1053 2848 1307 2893 Triclinium
1353 2848 1549 2907 proxime
1594 2849 1879 2894 antecedente
1930 2858 2101 2907 sumpta
2148 2865 2243 2895 esse
2290 2851 2525 2907 contendit,
2575 2868 2663 2896 non

272 2921 474 2965 ostendit.
545 2938 731 2980 namque
772 2923 1000 2980 conposuit
1039 2930 1205 2966 tantum
1245 2928 1429 2977 utraque
1464 2921 1643 2976 scholia,
1684 2938 1771 2966 non
1809 2924 2071 2980 conparavit.
2131 2923 2258 2968 Hanc
2290 2924 2424 2978 igitur
2454 2939 2665 2984 conpara·

271 2996 434 3038 tionem
464 2996 516 3038 ab
552 2995 629 3038 illo
661 2997 1010 3053 praetermissam
1039 3011 1155 3040 nunc
1184 2994 1468 3038 instituemus.
1514 2993 1591 3036 Est
1621 3001 1764 3038 autem
1795 2994 1983 3052 primum
2015 2996 2164 3052 paucis
2186 2996 2467 3051 monendum,
2499 2997 2667 3041 scholia

272 3066 530 3111 Farnesiana
558 3083 582 3110 a
611 3069 841 3112 Dindorfio
869 3083 920 3112 ea
952 3068 1068 3112 edita
1097 3083 1193 3112 esse
1220 3067 1387 3111 ratione
1419 3074 1466 3110 ut
1496 3066 1547 3109 iis
1590 3067 1661 3123 qui
1704 3069 1909 3110 conferre
1941 3066 2136 3110 Medicea
2173 3077 2216 3111 et
2251 3068 2514 3113 Farnesiana
2551 3070 2665 3114 inter

271 3154 317 3182 se
348 3140 499 3193 velint,
529 3155 552 3183 e
584 3141 768 3197 singulis
798 3143 943 3185 verbis
974 3149 1233 3197 argumenta
1262 3141 1423 3184 ducere
1456 3140 1727 3198 periculosae
1756 3140 1877 3182 aleae
1911 3140 1985 3182 sit:
2019 3141 2244 3197 corrigant
2264 3142 2451 3198 primum
2477 3157 2661 3186 necesse

273 3219 337 3255 est
355 3226 464 3267 quae
481 3211 735 3256 Dindorfius
754 3213 875 3256 dedit
891 3229 948 3257 ex
964 3230 1047 3256 van
1066 3212 1248 3257 Heusdii
1267 3212 1458 3255 cditionc
1477 3213 1824 3269 Agamemnonis
1856 3211 1946 3255 sive
1977 3227 2000 3255 e
2032 3212 2186 3256 codice
2215 3212 2549 3257 Vindobonensi
2566 3215 2667 3269 341,
