2956 4044
1397 162 1483 206 VII

381 302 453 348 Sic
482 314 586 344 vera
614 314 762 343 rerum
795 299 964 341 ratione
992 298 1036 340 in
1065 298 1207 340 locum
1240 295 1457 354 opinionis
1488 303 1791 355 praesumptae
1824 293 2024 336 restituta
2066 294 2109 336 in
2147 291 2306 336 ceteris
2346 306 2519 349 quoque
2550 290 2642 349 ple·

247 375 394 433 risque
423 373 551 419 facile
580 372 815 428 intelleges
845 370 1119 413 schol-‘astam
1151 369 1397 412 Mediceum
1429 385 1454 412 e
1487 368 1795 412 vetustioribus
1825 365 2001 410 scholiis
2044 366 2168 409 nobis
2200 364 2380 408 servatis
2418 363 2640 408 transscri-

246 447 384 505 psisse
413 463 489 490 sua
522 454 565 488 et
587 444 883 501 excerpsisse.
945 445 1104 498 Agam.
1131 457 1170 485 v.
1193 443 1328 485 1133:

841 508 932 555 ἀπὸ
962 513 1010 555 δὲ
1037 509 1280 569 θεσφάτων
1309 514 1376 564 τίς
1399 508 1546 570 ἀγαθοὶ
1578 511 1709 572 φάτις

842 589 1022 640 βροτοῖς
1049 586 1292 637 στέλλεται;
1320 588 1464 629 κακῶν
1489 584 1568 642 γὰρ
1596 584 1668 629 διὰ

841 659 1083 709 πολυεπεῖς
1111 659 1251 712 τέχναι
1285 657 1545 702 θεσπιωδὸν

844 725 987 787 φόβον
1014 729 1223 787 φέρουσιν
1250 732 1428 785 μαθεῖν.

247 804 474 845 scholiasta
507 801 733 844 Mediccus
764 801 1005 843 secundum
1036 800 1314 844 Dindorfium
1347 801 1454 843 haec
1482 802 1630 845 habet:

507 869 580 917 διὰ
606 869 661 915 τὰ
687 868 914 928 προσόντα
940 870 1048 916 κακὰ
1075 875 1170 925 τοῖς
1198 871 1517 929 εἰσερχομένοις
1547 873 1619 916 καὶ
1645 869 1699 916 τὰ
1726 868 1939 928 λεγόμενα
1968 866 2146 928 φανερά.

247 948 289 989 in
316 946 384 989 his
416 940 584 1004 φανερά
616 944 765 1001 inepte
798 943 1006 1000 scriptum
1037 951 1101 987 est
1134 960 1211 1001 pro
1241 942 1412 1002 φοβερά
1440 943 1600 1003 (φόβον
1629 945 1872 1002 φέρουσιν),
1905 943 2020 998 quod
2052 948 2170 984 recte
2202 942 2247 982 in
2276 942 2437 998 σχολίῳ
2470 942 2643 998 παλαιῷ

248 1020 342 1062 cod.
372 1020 505 1063 Farn.
537 1017 721 1073 legitur:

508 1086 579 1132 διὰ
608 1085 662 1131 τὰ
689 1085 912 1143 προσόντα
940 1086 1049 1131 κακὰ
1077 1094 1172 1142 τοῖς
1203 1090 1267 1142 εἰς
1297 1091 1500 1145 μαντείαν
1525 1090 1845 1146 εἰσερχομένοις
1877 1089 1949 1131 καὶ
1977 1085 2031 1130 τά
2059 1084 2268 1143 λεγόμενα
2300 1084 2472 1143 φοβερά
2501 1087 2605 1129 ε’στι.

247 1177 374 1221 quem
405 1161 553 1205 calami
586 1173 781 1204 errorem
812 1160 1066 1203 Dindorfius
1112 1176 1253 1220 neque
1290 1164 1334 1205 in
1369 1164 1631 1205 scholiorum
1675 1163 1978 1205 Mediceorum
2024 1160 2214 1201 editione
2258 1160 2450 1202 correxit
2498 1173 2642 1214 neque

246 1248 344 1274 cum
386 1232 548 1274 scholia
579 1232 844 1274 Farnesiana
893 1247 988 1272 eum
1023 1233 1235 1276 Mediceis
1276 1236 1510 1276 conferret.
1575 1234 1810 1275 Praeterea
1839 1232 2149 1287 grammaticus
2181 1229 2404 1273 Mediceus
2437 1244 2642 1286 praepro-

245 1318 350 1360 pere
379 1317 514 1357 agens
529 1305 625 1352 τοῖς
654 1298 972 1356 εἰσερχομένοις
1002 1303 1189 1359 scripsit,
1226 1303 1342 1360 quod
1375 1304 1484 1347 nihil
1512 1302 1743 1358 significat,
1772 1317 1850 1360 pro
1883 1304 1978 1352 τοῖς
2007 1300 2070 1352 εἰς
2098 1301 2302 1356 μαντείαν
2324 1298 2644 1355 εἰσερχομένοις

246 1376 290 1429 (i.
311 1391 346 1419 e.
377 1378 472 1427 τοῖς
504 1373 580 1418 ἐπὶ
607 1372 811 1429 μαντείαν
840 1374 1241 1434 προσερχομένοις).
1299 1376 1459 1435 Agam.
1493 1393 1530 1420 v.
1556 1376 1681 1418 1141:

1164 1444 1278 1507 ἀμφὶ
1308 1449 1344 1492 δ’
1375 1448 1507 1500 αὑτᾶς
1537 1453 1693 1505 θροεῖς

844 1516 976 1574 νόμον
1005 1514 1181 1576 ἄνομον,
1216 1516 1292 1565 οἷά
1320 1538 1386 1573 τις
1415 1519 1557 1577 ξουθὰ

842 1587 1053 1648 α’κόρετος
1079 1597 1190 1648 βοᾶς
1219 1597 1303 1652 φεῦ
1336 1594 1555 1646 ταλαίναις
1581 1595 1735 1653 φρεσὶν

830 1659 943 1707 Ἴτυν
961 1660 1074 1708 Ἴτυν
1104 1654 1297 1709 στένουσ’
1329 1662 1562 1724 ἀμφιθαλῆ
1590 1670 1742 1717 κακοῖς

844 1732 988 1792 ἀηδών
1008 1738 1118 1791 βίον.

246 1809 290 1851 in
323 1808 417 1851 cod.
450 1808 582 1852 Fara.
614 1809 697 1852 hoc
727 1807 902 1862 σχόλιον
931 1807 1118 1853 παλαιόν
1147 1811 1333 1867 legitur:

513 1879 563 1923 τὸ
594 1880 693 1938 ἑξῆς
720 1885 878 1937 θροεῖς
906 1880 1038 1937 νόμον
1066 1878 1229 1937 ἷίνομον
1257 1878 1493 1939 ἀμφιθαλῆ
1519 1889 1669 1935 κακοῖς
1695 1885 1906 1928 στένουσα
1934 1885 2044 1939 βίον.

247 1954 363 2008 quod
402 1954 657 2006 scholiastes
692 1954 916 1996 Mediceus
947 1956 1095 2010 (quem
1126 1956 1261 1999 Dind.
1290 1957 1360 1998 hic
1391 1958 1531 2010 omis.)
1562 1957 1624 1998 sic
1652 1957 1846 2014 corrupit
1880 1956 2202 2013 truncavitque:

513 2023 564 2068 τό
595 2023 692 2082 ἑξῆς
721 2029 880 2081 θρηνεῖ
909 2022 1041 2080 νόμον
1072 2019 1236 2080 ἄνομον
1268 2021 1501 2083 ἀμφιθαλῆ
1530 2030 1692 2078 κακοῖς.

247 2098 416 2141 scilicet
445 2099 577 2140 verba
608 2097 817 2140 στένουσα
847 2097 944 2151 βίον
976 2106 1193 2155 tamquam
1226 2115 1548 2157 supervacanea
1581 2098 1825 2154 proiiciens.
1889 2096 1959 2140 Ad
1982 2114 2022 2140 v.
2043 2097 2169 2140 1093:

847 2168 987 2213 ἔοικεν
1014 2165 1130 2226 εἷῖρις
1161 2168 1185 2228 ἡ
1217 2171 1312 2228 ξένη
1344 2169 1471 2222 κυνὸς
1498 2171 1618 2227 δίκην

843 2237 968 2297 εἶναι,
994 2240 1169 2297 ματείει
1200 2244 1236 2286 δ’
1269 2234 1331 2287 ὦν
1359 2239 1585 2301 ἀνευρήσει
1615 2240 1763 2301 φόνον.

248 2315 291 2356 in
320 2315 414 2357 eod.
449 2316 563 2357 Med.
597 2316 860 2372 adscriptum
894 2323 978 2358 est:

513 2385 653 2430 ἔοικεν
681 2384 742 2438 οἷς
773 2385 887 2429 κύων
914 2385 1106 2442 εὖρίσκοι
1137 2383 1337 2444 ἀναζητεῖ
1366 2387 1404 2431 εἰ
1433 2388 1601 2444 γέγονεν
1629 2386 1787 2432 ἐνθάδε·
1821 2387 2008 2440 παλαιὸς
2037 2386 2186 2445 φόνος.

248 2459 526 2501 Dindorfius:
558 2457 636 2509 ‘aig
666 2457 780 2501 κύων
810 2453 926 2513 εἰῗρις
956 2455 1166 2515 ἀναζητεῖ.
1208 2462 1269 2504 sic
1301 2462 1490 2503 correxi.
1539 2462 1718 2503 verbum
1750 2458 1892 2503 ἔοικεν
1920 2460 2095 2516 irrepsit
2128 2460 2170 2502 in
2199 2460 2333 2501 verba
2366 2459 2639 2503 scholiastae.

255 2532 354 2584 Quo
383 2545 532 2572 errore
563 2546 651 2572 non
680 2531 979 2573 animadverso
1012 2533 1056 2573 in
1086 2533 1136 2575 R.
1172 2533 1480 2587 interpolatum
1512 2541 1596 2576 est:
1630 2531 1771 2576 ἔοικεν
1809 2529 1871 2583 ὠς
1916 2529 2030 2574 κύων
2069 2526 2186 2584 εἷῗριν
2220 2527 2469 2587 ἀναζητεῖν.)
2530 2546 2638 2587 quae

252 2599 374 2642 nihili
401 2605 520 2642 sunt:
553 2614 694 2659 neque
728 2601 840 2643 enim
874 2599 1014 2643 ἔοικεν
1042 2602 1087 2640 in
1118 2601 1373 2642 scholiastae
1406 2604 1539 2643 verba
1568 2603 1744 2657 irrepsit
1775 2617 1916 2656 neque
1935 2601 2227 2643 Robortellius
2251 2602 2485 2655 quicquam
2508 2601 2640 2642 inter-

249 2672 425 2730 polavit,
457 2672 532 2713 sed
566 2674 681 2728 quod
716 2674 852 2715 edidit
883 2689 905 2714 e
936 2674 1085 2714 codice
1115 2689 1192 2714 suo
1216 2672 1380 2716 edidit:
1424 2676 1539 2715 idem
1578 2676 1622 2715 in
1661 2675 1756 2716 cod.
1787 2676 1906 2716 Mon.
1938 2675 1988 2715 91
2022 2675 2194 2729 legitur.
2254 2672 2329 2715 sed
2361 2680 2483 2714 vetus
2516 2671 2638 2715 scho—

250 2745 354 2799 lion,
386 2744 501 2802 quod
533 2760 599 2799 gr.
619 2746 735 2789 Med.
760 2762 857 2789 cum
883 2761 1033 2788 vocem
1062 2740 1177 2800 εἴρις
1208 2762 1295 2788 non
1326 2748 1607 2802 intellegeret
1635 2754 1720 2788 tam
1752 2747 1906 2788 misere
1942 2745 2247 2801 transscripsit,
2275 2752 2393 2787 recte
2432 2744 2639 2801 scriptum

248 2819 411 2874 legitur
440 2817 554 2859 inter
586 2816 737 2871 σχόλια
764 2817 928 2862 παλαιά
958 2820 1052 2861 cod.
1085 2819 1230 2862 Farn.:

514 2888 656 2933 ἔοικεν
687 2889 748 2942 (ὃς
775 2889 891 2933 κύων
920 2884 1035 2945 εῧρις
1063 2887 1286 2947 ἀναζητεῖν
1315 2891 1353 2935 εἰ
1382 2894 1525 2947 γέγονέ
1552 2908 1618 2943 τις
1648 2889 1803 2935 ἐνθάδε
1839 2891 2024 2942 παλαιὸς
2052 2887 2201 2948 φόνος.

250 2964 319 3005 Ac
349 2963 419 3004 vel
454 2961 765 3004 minutissimae
801 2963 1033 3005 verborum
1061 2963 1175 3005 inter
1204 2963 1399 3005 Medicea
1433 2964 1597 3005 scholia
1626 2972 1669 3005 et
1698 2963 1962 3006 Farnesiana
2007 2962 2319 3019 discrepantiae
2362 2962 2440 3005 illa
2487 2977 2542 3005 ex
2589 2965 2640 3006 iis

249 3050 359 3090 quae
389 3035 434 3076 in
466 3034 532 3076 his
563 3043 734 3077 servata
764 3044 862 3078 sunt
890 3035 1142 3094 provenisse
1172 3035 1421 3090 ostendunt,
1453 3037 1506 3079 cf.
1537 3051 1648 3091 quae
1682 3037 1736 3079 ad
1767 3036 1949 3079 v.1130:

848 3103 900 3151 οὗ
929 3106 1193 3164 κομπάσαιμ’
1227 3105 1282 3152 ἂν
1309 3107 1551 3166 θεσφάτων
1576 3106 1758 3165 γνώμων
1788 3103 1924 3163 ἄκρος

847 3176 970 3235 εἶναι,
999 3184 1114 3239 κακῷ
1143 3182 1191 3225 δέ
1219 3197 1280 3238 τῳ
1308 3178 1584 3236 προσεικάζω
1617 3177 1729 3223 τάδε.
