2956 4044
1404 159 1471 202 IX

250 312 288 337 v.
310 296 435 339 1114:
1284 294 1324 336 τί
1355 294 1454 337 τοδε
1483 294 1705 352 malvam,-

915 357 937 422 7³
968 366 1089 409 διατι
1084 383 1142 408 ον
1172 367 1214 408 τί
1243 368 1278 423 7'
1301 365 1483 419 “Atticm

911 434 1001 481 αλλ’
1034 433 1165 494 ἔρῃ-ς
1195 438 1218 497 ἡ
1253 439 1451 495 ξύνευνος
1480 437 1505 497 ἡ
1537 440 1727 494 ξυναιτία

914 509 1068 570 φόνοι.

251 584 428 638 σχόλιον
456 579 644 627 παλαιὸν
673 582 767 623 cod·
802 580 951 623 Farn.:

506 654 549 696 τί
579 650 701 695 mide:
729 648 987 709 φαντάζεται
1020 652 1090 693 καὶ
1121 651 1197 693 τὸν
1225 654 1385 704 χιτῶνα
1414 652 1467 693 δι’
1499 642 1550 693 οἶ·
1577 647 1795 707 ἀναιρήσει
1827 648 1903 692 τὸν
1931 644 2075 702 ὄνδρα.
2106 651 2176 693 καί
2206 667 2338 707 φησιν
2366 649 2428 703 (ὃς
2459 650 2481 707 rJ
2511 649 2653 706 ξύνει·

514 722 588 776 νός
618 724 706 767 ἐστι
741 725 821 766 τοῦ
853 717 1169 778 Ἀγαμέμνονος
1198 722 1219 779 ἦ
1248 721 1365 766 αἰτία
1394 725 1470 765 τοῖ-
1501 720 1654 779 φόνοι).

249 793 385 834 schol.
420 792 555 834 Med.:

911 841 1170 903 φαντάζεται
1199 843 1276 887 τὸν
1304 848 1472 898 χιτῶνα.

914 916 938 974 tJ
970 914 1173 968 σι”νει·νος
1201 919 1279 959 τοί-
1309 913 1624 974 Ἀγαμέμνονος
1653 917 1770 961 αἰτία
1801 922 1881 961 τοῦ
1914 918 2066 977 φόνοι.

249 990 288 1016 v.
307 975 409 1018 283:

902 1023 992 1084 Ἴδη
1021 1029 1101 1083 μὲν
1129 1026 1245 1083 πρὸς
1271 1026 1475 1084 Ἑρμαῖον
1505 1029 1641 1081 λέπας

911 1099 1110 1159 Λήμνου.

248 1176 380 1217 schol.
411 1175 505 1216 cod.
539 1173 667 1215 Fmam
700 1174 816 1223 (hinc
844 1190 913 1231 ap.
949 1174 1078 1227 Viet„
1109 1189 1193 1216 non
1228 1189 1356 1230 quem
1387 1174 1522 1217 Dind.
1554 1176 1659 1217 dicit
1689 1177 1881 1229 Robort‚
1911 1177 1982 1232 qui
2015 1178 2124 1219 nihil
2156 1177 2211 1219 de
2247 1179 2286 1219 h.
2316 1194 2357 1220 v,
2384 1179 2555 1232 habeo:

512 1239 616 1301 όρος
645 1243 830 1303 Λήμνοι
860 1244 910 1289 τὸ
936 1244 1154 1301 Ἑρμαῖον,
1187 1246 1231 1289 ἑν
1258 1244 1294 1303 ὡ
1325 1245 1500 1328 ε’,τιμᾶτο
1531 1243 1555 1289 ὁ
1588 1244 1754 1303 Ἑρμῆς.

247 1320 343 1363 cod.
372 1319 509 1364 Meda
541 1313 645 1374 όρος
675 1315 874 1377 Λήμνου.
935 1319 1146 1365 Similiter
1166 1335 1206 1360 v.
1225 1320 1306 1363 303
1335 1313 1438 1374 ὄρος
1470 1320 1506 1361 τ’
1527 1317 1594 1361 ἐπ’
1615 1316 1942 1374 Acsmlayztm‘
1959 1320 2091 1363 schol.
2112 1320 2244 1363 Med:
2276 1314 2382 1374 ὅρος
2399 1319 2652 1377 Μεγάριδος

250 1406 273 1434 e
306 1392 442 1435 schol.
472 1391 566 1435 cod.
597 1391 728 1434 Farn.
761 1400 865 1446 (non
893 1392 1024 1434 habet
1053 1391 1225 1446 Dind.):

512 1456 573 1519 ἤγ.
603 1465 680 1520 τῆς
711 1459 974 1519 mydpzdog,
1003 1460 1066 1513 εἰς
1096 1479 1120 1504 ο
1151 1478 1210 1504 αι
1198 1478 1269 1518 ἐς
1298 1463 1558 1504 ιλανιῦνται.

251 1534 336 1588 Qui
368 1535 493 1591 plura-
523 1534 757 1587 desiderat,
788 1536 990 1576 conferre
1022 1542 1165 1592 potest
1195 1534 1358 1576 scholia
1387 1534 1440 1576 ad
1471 1549 1510 1574 v.
1528 1532 1597 1575 21.
1625 1534 1693 1576 23.
1724 1534 1791 1575 36.
1824 1535 1942 1580 1117.
1972 1535 2026 1576 al.
2099 1535 2222 1587 Quae
2260 1536 2517 1579 Dindorfius
2557 1538 2648 1580 sin—

248 1607 366 1659 gulis
394 1608 501 1650 locis
530 1607 777 1664 adscripsit,
807 1621 949 1648 merae
982 1607 1200 1663 opinionis
1232 1607 1440 1663 explosae
1472 1613 1571 1647 sunt
1601 1606 1901 1661 repetitiones,
1936 1607 1981 1648 in
2019 1607 2176 1663 quibus
2214 1621 2269 1649 ne
2307 1615 2426 1650 recte
2468 1610 2643 1665 quidem

250 1679 508 1723 scholiastae
537 1679 725 1724 Medicei
757 1681 888 1722 verba
919 1680 1221 1737 transscripsit,
1260 1696 1299 1723 V.
1319 1696 1356 1722 c.
1383 1679 1438 1721 ad
1470 1695 1510 1721 v,
1533 1679 1605 1732 21,
1631 1676 1706 1720 ubi
1742 1677 1796 1719 ad
1824 1674 1998 1731 σχόλιον
2028 1676 2216 1721 παλαιόν
2251 1679 2347 1722 cod.
2378 1680 2534 1723 Fara:
2580 1682 2650 1724 δεῖ

244 1749 539 1808 διαστήματος
567 1748 715 1808 ὀλίγου
745 1753 949 1805 ἐνταῦθα,
979 1748 1073 1795 εἶτα
1106 1748 1360 1809 ἀνακραγεῖν
1389 1749 1450 1803 ὥς
1486 1747 1763 1806 θεασάμενον
1802 1747 1877 1793 τὸν
1914 1747 2083 1803 πυρσόν
2117 1750 2365 1809 adscripsit:
2413 1754 2644 1798 wortliche

252 1824 609 1881 Wiedcrholung
638 1825 715 1868 des
746 1826 861 1870 Med.
893 1826 1091 1869 scholion
1121 1827 1189 1869 δεῖ
1222 1852 1271 1857 -
1305 1822 1488 1880 πυρσόν.
1516 1824 1606 1867 scil.
1636 1824 1681 1866 in
1710 1823 1803 1866 cod.
1836 1822 1953 1867 Med.
1985 1838 2073 1866 non
2104 1823 2267 1879 legitur
2290 1825 2549 1869 vocabulum
2580 1826 2642 1869 ἑν-

248 1899 410 1951 ταῦθα,
445 1897 561 1955 quod
581 1898 805 1941 Victorius
831 1914 853 1941 e
885 1898 983 1941 cod.
1017 1897 1159 1951 Fam„
1190 1913 1213 1941 e
1247 1898 1460 1952 Victorio‚
1490 1912 1578 1940 non
1607 1897 1771 1938 monito
1798 1897 1980 1950 lectore,
2010 1896 2268 1939 Dindorfius
2298 1897 2467 1940 addidit
2503 1898 2646 1949 (deest

249 1971 377 2012 etiam
397 1970 441 2012 in
459 1970 515 2016 G.
532 1971 650 2015 Mon.
668 1971 811 2026 Βοὴ).
843 1972 899 2014 Et
915 1971 969 2014 ad
985 1972 1231 2029 sequentia:
1262 1962 1299 2014 ιιῗ
1316 1968 1599 2027 λαμπτὴρτῇς
1614 1967 1764 2020 νυκτὸς
1782 1972 1901 2024 χαῖρε
1924 1965 1947 2011 ὁ
1963 1965 2110 2020 διδοῦς
2129 1965 2229 2026 ἡμῖν
2248 1972 2454 2028 φωτιιυγῆ
2483 1967 2650 2027 ἡμέραν

249 2043 437 2085 monuit:
484 2044 570 2086 den
602 2050 780 2101 spatern
811 2043 1087 2087 Scholiasten
1125 2044 1310 2086 erkennt
1346 2058 1442 2085 man
1482 2058 1537 2085 an
1573 2043 1672 2085 dem
1705 2039 1936 2084 Gebrauch
1977 2041 2054 2083 des
2084 2042 2369 2098 Adjectivum
2400 2042 2646 2102 φωταυγής,

251 2115 443 2156 welches
473 2115 560 2157 den
593 2116 866 2158 kirchlichen
898 2116 986 2159 und
1016 2118 1160 2159 vielen
1190 2115 1592 2157 mittelalterlichen
1624 2114 1979 2158 Schriftstellern
2016 2115 2337 2169 gebrauchlich
2377 2118 2434 2158 ist
2468 2119 2646 2176 (nempe

250 2200 543 2243 quaecumque
576 2187 621 2229 in
653 2187 748 2229 cod.
768 2187 884 2232 Med.
914 2189 1119 2244 leguntur
1151 2187 1418 2244 temporibus
1447 2185 1576 2228 valde
1606 2185 1796 2241 antiquis
1824 2201 1848 2227 a
1877 2185 2174 2240 grammaticis
2191 2184 2509 2230 Alexandrinis
2542 2191 2646 2231 scri·

248 2264 322 2313 pta
352 2261 481 2311 sunt).
539 2259 634 2301 Der
666 2259 781 2301 Med.
816 2259 1037 2304 Scholiast
1065 2259 1290 2301 bemerkte
1324 2274 1375 2300 zu
1404 2254 1555 2307 νυκτός
1588 2254 1822 2314 ἡμερήσιον
1850 2258 1966 2300 bloss
1997 2257 2043 2299 ἐκ
2076 2256 2227 2309 νυκτὸς
2257 2256 2417 2314 ἡμέραν
2447 2258 2552 2316 ἡμῖν
2581 2263 2647 2304 δι-

248 2326 479 2380 δούς-λι
507 2346 560 2373 ne
590 2332 698 2373 haec
725 2332 900 2388 quidem
933 2333 1120 2390 scripsit,
1153 2331 1230 2374 sed
1263 2331 1411 2388 inepte
1441 2330 1637 2372 exaravit
1667 2328 1713 2371 ἐκ
1745 2329 1893 2380 νυκτὸς
1924 2327 2087 2385 ἡμέραν
2118 2327 2218 2386 ἡμῖν
2249 2332 2411 2385 δοῦσιν,
2443 2335 2557 2389 quod
2571 2335 2643 2376 Vi-

249 2402 410 2444 ctorius
443 2404 638 2445 correxit
670 2405 797 2457 (Rob.
829 2403 1009 2458 ἰδοῦσιν,
1040 2420 1062 2446 c
1092 2405 1241 2447 codice
1277 2417 1367 2454 suo,
1401 2403 1461 2444 sic
1497 2402 1624 2443 etiam
1655 2403 1774 2445 Mon.
1797 2401 1883 2455 91).

382 2474 456 2518 Sic
485 2474 619 2528 igitur
651 2475 695 2515 in
727 2476 878 2517 codice
912 2476 1155 2518 recentiore
1187 2478 1237 2529 (s.
1255 2475 1382 2517 XIV»
1415 2475 1577 2517 scholia
1606 2475 1758 2516 codice
1790 2473 1988 2517 Mediceo
2019 2484 2070 2527 (ps.
2091 2475 2174 2528 XI)
2213 2478 2454 2519 vetustiora
2482 2494 2637 2535 reppe-

248 2546 395 2588 rimus.
424 2545 628 2589 nimirum
661 2548 730 2591 hic
759 2563 929 2604 quoque
961 2549 1006 2591 in
1037 2549 1370 2590 commentarios
1401 2548 1646 2602 incidimus,
1687 2563 1741 2590 ex
1780 2547 1933 2605 quibus
1969 2548 2276 2601 grammaticus
2311 2548 2535 2592 Medica-us
2568 2569 2644 2595 sua

248 2617 402 2672 hausit,
431 2617 457 2660 i.
473 2632 509 2661 e.
527 2618 692 2661 scholia
712 2619 769 2673 A,
799 2636 908 2677 quae
940 2622 1055 2663 linea
1087 2621 1264 2673 directa,
1295 2629 1340 2661 ut
1371 2620 1533 2672 dieunt,
1562 2619 1896 2661 commentarios
1927 2628 2098 2660 veteres
2129 2620 2404 2674 contingunt,
2427 2636 2450 2663 e
2483 2623 2639 2677 quibus

248 2689 476 2732 scholiasta
504 2690 728 2734 Mediceus
759 2708 845 2735 non
878 2694 957 2736 nisi
990 2702 1238 2736 transversa
1269 2693 1383 2735 linea
1415 2692 1591 2749 pendet.
1621 2692 1736 2747 quod
1768 2692 1873 2734 alias
1905 2691 2151 2733 adcuratius
2174 2692 2477 2749 explicabitur.
2524 2711 2640 2739 nunc

248 2763 302 2804 de
332 2762 508 2804 scholiis
541 2764 635 2806 cod.
667 2764 795 2809 Farn.
827 2783 964 2825 pauca
992 2767 1117 2809 addo.
1155 2767 1294 2810 Vetus
1327 2781 1454 2823 quem
1483 2766 1728 2809 invenimus
1758 2766 1856 2807 fons
1883 2772 1959 2818 est,
1993 2765 2065 2820 qui
2094 2764 2138 2807 in
2168 2765 2254 2807 fine
2275 2766 2639 2823 Agamemnonis,

247 2834 318 2876 ubi
347 2834 517 2877 codices
548 2837 609 2878 nil
640 2838 739 2881 nisi:
841 2836 899 2895 μὴ
931 2837 1204 2898 προτιμήσῃς
1235 2841 1428 2894 ματαιῶν
1458 2838 1581 2881 τῶνδ’
1616 2834 1870 2892 ὑλαγμάτων
1902 2871 1910 2878 .
1934 2872 1942 2879 .
1967 2871 1975 2879 .

845 2913 914 2955 καὶ
943 2910 994 2955 σι’·
1025 2909 1225 2969 θήσομεν
1249 2914 1482 2967 κρατοῦντε
1515 2911 1647 2954 τῶνδε
1679 2907 1894 2964 δωμάτων
1924 2945 1932 2954 .
1952 2944 1961 2953 .
1982 2943 1991 2952 .

248 2979 469 3034 exhibent,
498 2982 660 3026 codicis
682 2984 933 3028 Farnesiani
954 2983 1129 3039 σχόλιον
1151 2981 1339 3028 παλαιόν
1361 2983 1578 3043 praebuit:

511 3051 608 3110 ἐγω,
641 3058 762 3112 φησι,
795 3059 864 3100 καὶ
893 3056 949 3100 σύ
981 3061 1237 3113 κρατοῦντες
1266 3058 1399 3099 τῶνδε
1430 3058 1516 3098 τῶν
1543 3054 1756 3110 δωμάτων
1786 3054 2097 3110 διαθησόμεθα
2117 3054 2170 3097 τὰ
2189 3059 2290 3097 καθ’
2311 3055 2469 3109 αὖτοὺς
2489 3060 2643 3110 καλῶς,

246 3123 288 3166 in
323 3138 406 3181 quo
438 3124 523 3168 duo
551 3141 661 3182 quae
693 3143 716 3171 e
748 3129 892 3172 verbis
923 3138 1077 3187 poetae
1110 3130 1373 3173 exciderunt
1402 3127 1625 3170 vocabula:
1659 3123 1738 3182 571(
1775 3134 1818 3167 et
1846 3126 1987 3176 καλῶς
2015 3134 2186 3168 servata
2217 3136 2331 3170 sunt.
2370 3129 2462 3171 Nec
2493 3129 2548 3170 ad
2577 3145 2644 3171 so-

247 3197 334 3239 lum
368 3198 746 3253 Agamemnonem
784 3203 856 3245 hie
904 3203 1044 3246 codex
1087 3203 1252 3246 scholia
1292 3209 1460 3244 vetusta
1500 3199 1699 3243 servavit.
1748 3198 1823 3239 sed
1870 3200 1996 3239 etiam
2028 3199 2081 3239 ad
2114 3199 2394 3243 Eumenides.
2457 3217 2556 3242 nam
2585 3203 2641 3244 ad

2350 3287 2371 3314 ο
