2956 4044
1453 217 1496 258 X

266 361 310 388 v,
336 347 403 397 54,
432 347 505 388 ubi
538 346 583 388 in
611 345 765 389 codice
798 345 1021 391 Mediceo:
1355 342 1547 405 ἄπτεροί
1575 366 1620 406 γε
1649 348 1734 407 μὴν
1763 348 1872 394 ἰδεῖν

928 411 1070 476 αὗται,
1096 421 1275 478 μέλαναι
1297 422 1333 468 δ’
1369 419 1413 475 ἐς
1440 420 1490 467 τὸ
1520 423 1608 466 πᾶν
1638 419 1978 479 βδελύκτροποι·

931 492 1129 550 ῥέγκουσι
1161 494 1197 538 δ’
1230 489 1282 537 οὕ
1312 495 1548 539 πλαστοῖσι
1577 491 1856 552 φυσιάμασιν,

928 564 975 607 ἐκ
1005 564 1042 608 δ’
1074 560 1286 620 ὀμμάτων
1315 566 1508 619 λείβουσι
1540 566 1728 623 δυσφιλῆ
1756 565 1860 609 δία.

265 636 444 692 legitur,
475 636 520 678 in
539 636 652 680 Ven.
684 644 727 680 et
755 637 792 680 F
799 638 876 682 lor.
908 637 1098 695 δυσφιλῆ
1127 637 1267 692 βίαν,
1299 637 1462 680 scholia
1482 637 1679 681 Medicea
1709 639 1771 679 nii
1800 638 1964 680 habent
1995 638 2078 681 nisi
2108 638 2517 697 interpretationem
2549 641 2669 684 vocis

258 703 608 761 βδελύκτροποιε
935 705 988 761 ἅς
1018 725 1081 760 τις
1108 706 1363 763 βδελὺξαιτο
1395 706 1448 750 ἃν
1476 709 1547 752 καὶ
1576 710 1806 766 ἑντραπείη
1836 707 2035 766 μισήσας.

264 780 342 821 sed
373 781 418 821 in
448 780 624 835 integro
655 789 808 825 vetere
838 783 1021 836 scholio,
1050 797 1108 824 ex
1138 797 1223 837 quo
1256 781 1364 824 haec
1396 788 1605 840 excerpta
1631 788 1752 825 sunt:

529 846 585 903 ἃς
614 849 721 896 ἰδών
750 870 829 907 τις,
861 852 981 910 φησὶ,
1012 849 1270 906 βδελύξαιτο
1303 852 1375 896 καὶ
1404 853 1590 910 τραπείη
1622 850 1811 918 μισήσας
1840 849 1976 916 αὐτάς
2002 851 2063 905 (ὃς
2089 854 2321 905 δυσειδεῖς·
2361 849 2453 897 ἀπὸ
2479 853 2557 912 γὰρ
2590 853 2672 909 ὀμ·

529 923 681 980 μάτων
709 927 904 980 λείβουσι
933 922 1178 981 σταλαγμόν
1205 922 1457 981 αἱματηρόν.

263 997 514 1057 σταλαγμὸν
544 1000 848 1060 interpretatio
881 1008 946 1042 est
974 1000 1214 1057 scripturae
1245 1013 1374 1055 quam
1405 998 1648 1055 Burgesius
1678 999 1840 1057 primus
1873 997 2121 1041 coniectura
2154 996 2276 1040 dedit
2305 996 2427 1052 λίβα
2457 999 2531 1054 (cf.
2550 997 2668 1042 Pers.

263 1086 304 1114 v.
321 1073 405 1114 613
438 1069 623 1126 λιβάσιν,
653 1073 788 1114 schol.
824 1073 1101 1127 σταλαγμοῖς,
1132 1072 1258 1114 Suid.
1286 1069 1423 1124 λιβάς,
1455 1069 1479 1113 ὃ
1510 1069 1755 1127 σταλαγμὸς
1780 1073 1868 1114 τῶν
1898 1066 2109 1125 δακρύων,
2145 1068 2341 1124 Hesych.
2372 1066 2541 1124 λιβάδα,
2571 1086 2671 1115 στα-

258 1142 379 1199 γόνα.
410 1144 559 1198 λείβω,
587 1142 746 1198 στάζω,
776 1146 863 1196 aL),
906 1145 1027 1187 cuius
1069 1144 1188 1187 vocis
1234 1143 1410 1187 rarioris
1455 1143 1553 1187 cod.
1585 1143 1701 1188 Med.
1729 1143 1894 1186 litteras
1925 1140 2115 1185 initiales
2143 1143 2230 1195 AI,
2263 1141 2310 1185 in
2337 1145 2405 1186 AI
2431 1149 2671 1203 corruptas,

263 1218 408 1270 habet,
439 1218 555 1260 Ven.
588 1226 630 1259 et
661 1219 780 1261 Flor.
810 1217 976 1260 litteras
1005 1217 1158 1260 finales
1188 1220 1290 1260 BA.
1352 1215 1408 1259 Et
1436 1232 1589 1259 versus
1621 1215 1708 1258 460
1735 1215 1780 1258 in
1810 1214 1907 1258 cod.
1940 1213 2053 1259 Med·
2085 1214 2147 1258 sic
2179 1215 2352 1273 scripti:

929 1289 1032 1348 γελᾷ
1061 1289 1108 1333 δὲ
1137 1288 1304 1344 δαίμων
1334 1288 1403 1332 ἐπ’
1431 1283 1556 1344 ἀνδρὶ
1586 1291 1846 1346 θερμοεργιιῖ

261 1359 446 1415 (antistr.
478 1356 772 1417 πανώλεθρος
800 1361 837 1404 δ’
866 1354 1027 1404 οὔποτ’
1047 1357 1099 1403 ἷὶν
1131 1361 1317 1417 γένοιτο)
1344 1361 1607 1404 sententiam
1640 1361 1816 1418 quidem
1846 1361 2078 1403 scholiasta
2098 1360 2324 1404 Mcdiceus
2356 1362 2549 1417 explicat
2573 1378 2670 1405 ver-

257 1432 347 1475 bis:
377 1434 494 1491 γελᾴ,
522 1433 670 1491 φησὶν,
702 1431 726 1475 ὁ
757 1434 926 1489 δαίμων
956 1434 1031 1476 ἐπὶ
1060 1436 1123 1491 τῷ
1151 1429 1291 1490 οἷδίκῳ
1322 1436 1464 1484 κακῶς
1491 1431 1717 1486 πάσχοντι,
1751 1434 1833 1475 nisi
1866 1433 1981 1489 quod
2015 1449 2093 1490 pro
2113 1433 2180 1475 his
2207 1434 2355 1490 inepte
2389 1432 2464 1477 ἐπὶ
2489 1436 2551 1490 τῷ
2581 1429 2670 1478 ‹idi-

257 1522 349 1556 κως
381 1503 595 1559 πάσχοντι
627 1508 837 1560 exaravit,
865 1507 942 1548 sed
974 1508 1110 1565 ipsam
1140 1523 1293 1549 vocem
1318 1525 1341 1549 a
1359 1515 1490 1563 poeta
1509 1506 1748 1549 adhibitam
1775 1507 1936 1548 veteris
1965 1505 2223 1548 scholiastae
2253 1520 2362 1563 quae
2396 1521 2484 1548 non
2504 1505 2548 1550 in
2575 1506 2669 1551 cod.

262 1578 393 1630 Med„
426 1578 503 1621 sed
534 1578 579 1621 in
608 1578 737 1621 Fam.
762 1579 928 1635 legitur
958 1580 1171 1636 particula
1198 1580 1407 1622 servavit:
1438 1580 1594 1635 θερμῷ
1626 1573 1691 1635 ἢγ.
1720 1579 1997 1635 θερμουργῷ.
2056 1592 2165 1634 quae
2196 1576 2501 1635 interpretatio
2532 1578 2594 1622 sic
2626 1579 2671 1623 in

258 1651 500 1694 vetustiore
532 1651 682 1695 codiee
718 1652 1031 1709 superscripta:
1704 1659 1925 1705 θερμουργῷ

1075 1709 1177 1765 γελᾷ
1205 1709 1252 1750 δὲ
1284 1709 1452 1762 δαίμων
1483 1708 1551 1749 ἐπ’
1583 1702 1707 1761 ἀνδρὶ
1736 1710 1893 1763 θερμῷ

264 1779 452 1835 primum
481 1779 527 1820 in
557 1780 694 1820 verba
724 1786 880 1836 poetae
912 1780 1108 1836 inrepsit,
1154 1782 1255 1821 dein
1287 1782 1417 1822 etiam
1459 1790 1596 1822 metro
1629 1779 1841 1822 suadente
1871 1778 1915 1821 in
1947 1785 2129 1834 quatuor
2157 1780 2348 1834 syllabas
2380 1779 2559 1823 dilatata
2591 1787 2669 1824 est.

264 1850 390 1892 Idem
422 1867 462 1892 v,
485 1851 565 1893 163
595 1852 756 1893 factum
789 1859 869 1906 est,
901 1853 973 1895 ubi
1006 1852 1123 1907 quod
1155 1854 1248 1895 cod.
1280 1854 1396 1897 Med.
1429 1854 1579 1896 habet:

929 1927 1111 1968 τοιαῦτα
1140 1925 1300 1980 δρῶσιν
1328 1923 1366 1969 οὶ
1401 1922 1606 1981 νεώτεροι
1633 1926 1737 1970 θεοὶ

927 2000 1188 2053 κρατοῦντες
1216 1995 1266 2040 τό
1298 1999 1385 2041 πᾶν
1413 1998 1535 2051 δίκας
1563 1999 1700 2042 πλέον

258 2069 322 2112 sic
352 2076 493 2113 ortum
528 2075 614 2112 est:
1560 2082 1674 2114 πλέον

930 2129 1189 2182 κρατοῦντες
1218 2124 1267 2168 τὸ
1295 2129 1383 2168 πᾶν
1410 2127 1532 2178 δίκας
1561 2126 1674 2181 πέρα

262 2197 481 2253 (Hesych.
512 2197 641 2253 πέρα,
672 2197 847 2253 πλέον);
879 2198 980 2241 hinc
1019 2199 1063 2241 in
1102 2199 1238 2241 schol.
1274 2199 1370 2240 cod.
1401 2200 1530 2242 Farn.
1572 2199 1715 2253 (deest
1744 2214 1812 2255 ap.
1843 2197 1993 2251 Dind.)
2028 2199 2209 2252 legitur:
2247 2196 2361 2253 ὑπὲρ
2396 2197 2447 2241 τό
2489 2199 2668 2242 δίκαιον.

257 2284 446 2328 namque
482 2269 593 2326 ὑπὲρ
625 2271 819 2327 genuina
848 2271 969 2312 vocis
1000 2271 1113 2326 πέρα
1145 2273 1443 2328 interpretatio
1478 2279 1557 2324 est,
1601 2272 1653 2313 cf.
1681 2271 1876 2326 Hesych.
1908 2271 2021 2325 πέρα
2051 2268 2192 2326 λόγου,
2221 2270 2331 2325 ὑπὲρ
2361 2268 2489 2327 λόγον
2519 2279 2562 2314 et
2593 2265 2671 2325 οὖχ

257 2337 369 2395 ὑπὲρ
408 2335 567 2398 ἀλόγου
597 2342 623 2384 i.
640 2357 678 2384 e.
705 2336 806 2396 ου’χὶ
834 2342 950 2398 πέρα
978 2339 1121 2398 λόγου,
1153 2339 1231 2396 οιῗχ
1257 2341 1368 2398 ὑπὲρ
1399 2340 1541 2399 λόγον.
1613 2342 1810 2395 Quanam
1857 2341 2021 2385 ratione
2070 2342 2298 2385 scholiasta
2338 2343 2562 2387 Mediceus
2602 2342 2669 2386 his

256 2414 437 2457 scholiis
468 2416 781 2458 vetustioribus
811 2432 915 2458 usus
950 2416 1018 2470 sit,
1049 2417 1165 2459 cerni
1198 2425 1340 2474 potest
1367 2417 1498 2460 etiam
1528 2418 1571 2459 in
1602 2434 1642 2460 v,
1676 2416 1775 2460 152:

793 2489 889 2541 νέος
914 2489 962 2532 δέ
994 2489 1143 2545 γραίας
1171 2489 1378 2545 δαίμονας
1408 2486 1699 2541 καθιππάσω,

792 2559 869 2604 τὸν
899 2559 1044 2604 ἱκέταν
1073 2562 1228 2617 σέβων,
1259 2556 1400 2605 ἄθεον
1429 2556 1566 2616 ἄνδρα
1595 2563 1665 2604 καὶ
1696 2564 1895 2604 τοκεῦσιν
1926 2557 2095 2615 πικρόν,

793 2632 870 2676 τὸν
896 2634 1162 2690 μητραλοίαν
1189 2635 1224 2676 δ’
1256 2634 1491 2688 ἐξέκλεψας
1519 2631 1580 2676 ὢν
1608 2631 1732 2685 θεός.

262 2708 335 2749 ubi
368 2707 413 2749 in
445 2707 542 2749 eod.
561 2705 677 2750 Med.
711 2706 900 2761 margini
931 2706 1202 2762 adscriptum
1235 2713 1319 2748 est:
1352 2708 1667 2763 σι’λληῑιτικιῦς,
1696 2706 1813 2761 quod
1846 2705 1948 2760 quid
1979 2705 2059 2748 sibi
2090 2707 2197 2749 velit
2223 2707 2297 2749 vix
2328 2707 2562 2764 intellegas
2592 2721 2667 2749 ne-

261 2794 348 2837 que
380 2780 511 2821 etiam
544 2778 748 2821 lemmate
780 2778 895 2835 quod
935 2778 1148 2836 praeponi
1186 2778 1288 2821 inde
1325 2795 1349 2821 a
1379 2778 1575 2822 Victorio
1608 2778 1743 2821 solet:
1787 2779 1992 2822 τοκεῦσιν
2023 2774 2197 2835 πικρόν]
2227 2779 2533 2837 συλληπτικῶς
2564 2777 2666 2820 edo-

259 2851 413 2906 cearis,
443 2851 521 2894 sed
553 2851 766 2893 vetustius
797 2865 854 2893 ex
884 2867 970 2909 quo
1005 2853 1316 2908 grammaticus
1335 2852 1557 2895 Mediccus
1581 2852 1690 2893 hanc
1709 2867 1839 2892 unam
1860 2866 2014 2893 vocem
2031 2853 2250 2909 excerpsit
2265 2852 2461 2895 scholion
2479 2852 2534 2894 de
2557 2866 2665 2894 voce

256 2924 524 2980 μητραλοίαν
556 2938 804 2966 sermonem
832 2939 927 2967 esse
960 2924 1173 2967 ostendit:

927 2994 1231 3051 συλληπτικιῦς
1262 2995 1330 3037 δεῖ
1360 2995 1564 3052 λέγεσθαι
1598 2994 1649 3038 τὸ
1675 2990 1984 3053 (μητραλοίανῖ

260 3068 337 3114 Sic
369 3082 544 3125 quoquo
576 3074 617 3110 te
649 3067 846 3121 verteris,
878 3067 1104 3123 vulgarem
1137 3069 1189 3109 de
1213 3069 1390 3110 scholiis
1408 3070 1615 3112 Mediceis
1641 3070 1885 3111 doctrinam
1905 3084 1927 3111 e
1953 3070 2045 3111 sola
2062 3070 2263 3113 codicum
2280 3077 2422 3113 aetate
2439 3070 2664 3127 adreptam

261 3141 540 3185 falsissimam
573 3154 669 3183 esse
701 3140 950 3198 intelleges.
983 3165 1033 3171 —
1064 3141 1154 3185 Sed
1183 3141 1292 3184 haec
1321 3158 1436 3185 nunc
1467 3142 1691 3184 hactenus.
