2956 4044
1419 172 1487 216 XI

411 307 880 367 Adpropinquantibus
928 305 1212 348 sollemnibus
1253 305 1661 347 semisaecularibus
1697 306 1889 347 virorum
1931 306 2191 347 eximiorum
2237 307 2428 348 animum
2468 308 2659 349 subeunt

259 379 475 437 imagines
510 380 582 437 qui
612 379 659 420 in
687 379 770 419 hac
799 376 1098 419 Universitatc
1128 376 1231 416 olim
1264 390 1369 416 suae
1402 370 1584 431 quisque
1615 376 1840 417 doctrinae
1876 377 2091 417 antistites
2129 377 2321 420 fuerunt.
2396 377 2440 419 in
2470 393 2653 434 quorum

259 454 467 495 memoria
494 451 734 494 recolenda
764 464 877 505 eque
907 448 1019 490 vivis
1051 447 1244 490 fontibus
1274 447 1463 490 fovenda
1492 462 1579 490 non
1609 448 1814 491 minimae
1848 449 2002 491 horum
2039 449 2110 504 qui
2141 449 2306 492 instant
2325 448 2494 493 dierum
2521 448 2652 493 festo·

256 539 353 568 rum
388 525 678 567 versabuntur
709 522 905 564 deliciae.
982 521 1048 562 Ac
1087 521 1140 563 de
1182 535 1272 561 uno
1308 520 1486 563 illorum
1527 519 1601 575 qui
1631 519 1734 561 inde
1760 521 1815 562 ab
1845 519 1951 577 ipsis
1981 520 2109 562 huius
2136 518 2384 562 academiae
2413 518 2547 562 initiis
2574 534 2658 576 per

257 595 448 652 quinque
478 596 612 638 lustra
646 593 808 636 scholis
841 592 1150 634 Bonnensibus
1182 591 1327 633 variae
1358 592 1580 635 doctrinae
1610 592 1756 648 copias
1777 592 2077 649 dispertiebat,
2106 600 2153 634 ut
2172 592 2338 648 aliquid
2359 591 2461 633 novi
2483 592 2653 635 inediti-

256 683 339 725 que
371 682 573 724 promere
603 664 780 723 possim,
809 663 1071 720 Boeekingii
1103 663 1240 705 nostri
1272 663 1450 706 comit-as
1481 663 1585 706 mihi
1613 663 1811 719 largitur.
1883 663 1956 719 qui
1990 678 2086 706 cum
2116 671 2285 706 ceteras
2307 663 2476 706 chartas
2500 678 2652 707 omnes

255 740 308 783 ab
336 740 545 796 Augusto
565 736 792 782 Guilelmo
812 752 836 779 a
855 733 1070 792 Schlegel
1099 735 1238 776 amico
1268 734 1349 776 sibi
1381 735 1567 788 relictas
1586 742 1676 777 tum
1705 751 1910 792 magnum
1943 737 2021 778 sub
2051 736 2179 791 signo
2208 736 2340 778 habet
2370 735 2652 793 epistolarum

255 811 309 853 ad
339 809 640 866 Schlegelium
669 809 865 850 datarum
897 807 1102 848 volumen
1135 822 1220 864 quo
1250 806 1494 848 litterarum
1517 807 1882 850 Germanicarum
1914 809 2094 850 historia
2123 808 2288 850 sacculi
2319 808 2477 851 decimi
2511 808 2651 851 octavi

254 882 458 925 exeuntis
489 888 533 924 et
562 880 754 923 ineuntis
788 879 945 921 decimi
977 879 1079 921 noni
1112 879 1267 920 mirum
1300 886 1507 934 quantum
1540 880 1842 922 conlustratur.
1912 888 1960 922 ut
1996 880 2259 937 sperandum
2289 879 2344 922 sit
2374 880 2469 922 fore
2500 887 2548 923 ut
2582 880 2654 923 hic

253 952 535 1010 παντοδαπῆς
565 949 760 1007 ἱστορίας
791 948 1017 1007 θησαυρὸς
1045 963 1190 1009 neque
1221 951 1451 1008 diripiatur
1480 965 1685 1007 umquam
1713 965 1855 1008 neque
1887 951 2015 992 etiam
2045 950 2225 992 aliunde
2254 951 2534 1008 subripiatur,
2574 951 2651 992 sed

253 1024 298 1067 in
338 1024 483 1081 aliquo
521 1022 784 1068 Germaniae
817 1022 1217 1082 θησαυροφυλακίῳ
1262 1024 1445 1078 (utinam
1485 1023 1532 1064 in
1570 1024 1697 1065 huius
1743 1024 1877 1081 ipsius
1917 1031 2090 1066 nostrae
2127 1023 2376 1065 academiae
2416 1022 2653 1066 Rhenanae

255 1096 560 1152 bibliotheca!)
594 1110 694 1138 cum
724 1096 880 1139 ceteris
910 1095 1154 1153 Schlegelii
1200 1096 1396 1154 reliquiis
1435 1096 1649 1138 condatur
1688 1104 2060 1153 conserveturque
2095 1096 2284 1150 integer.
2359 1096 2562 1137 nimirum
2601 1111 2655 1138 ea

255 1170 386 1213 huius
414 1169 497 1211 viri
529 1169 644 1211 inter
673 1169 879 1225 aequales
907 1170 1141 1228 auctoritas
1174 1169 1255 1209 fuit
1286 1183 1423 1226 eaque
1445 1169 1670 1210 doctrinae
1700 1168 1826 1225 copia
1855 1177 1984 1226 atque
2013 1169 2215 1219 varietas,
2244 1178 2293 1211 ut
2323 1185 2420 1211 eum
2452 1169 2652 1225 plurimis

252 1243 368 1284 illius
401 1241 609 1299 temporis
639 1241 744 1283 viris
777 1241 1034 1283 inlustribus
1065 1242 1324 1283 commercio
1356 1228 1687 1296 litterarumque
1728 1242 2041 1284 consuetudine
2082 1249 2280 1284 uteretur
2312 1241 2543 1285 continuis.
2605 1250 2653 1284 ut

253 1316 406 1357 harum
437 1313 721 1371 epistolarum
751 1313 882 1355 lectio
916 1320 960 1355 et
994 1312 1346 1356 iucundissimam
1391 1313 1614 1356 nominum
1652 1313 2121 1357 desideratissimorum
2162 1314 2413 1374 suppeditet
2446 1314 2651 1358 recorda-

252 1387 417 1429 tionem
449 1393 493 1428 et
522 1385 680 1429 multas
710 1400 856 1428 rerum
888 1385 1201 1442 hominumque
1234 1373 1423 1429 rationes
1453 1386 1769 1430 reconditiores
1798 1388 1941 1445 palam
1980 1388 2187 1445 proferat,
2231 1388 2423 1431 occultas
2470 1387 2650 1445 aperiat.

251 1458 319 1503 En
349 1458 516 1502 litteras
552 1457 783 1502 Bartholdi
815 1457 1045 1501 Niebuhrii
1073 1458 1177 1501 item
1208 1458 1311 1501 olim
1343 1458 1480 1501 nostri
1513 1472 1568 1501 ex
1599 1459 1756 1515 quibus
1775 1459 2050 1515 intellegitur
2073 1467 2236 1516 quanto
2262 1459 2407 1502 studio
2430 1461 2498 1502 vir
2524 1475 2648 1516 egre·

252 1530 351 1585 gius
383 1544 440 1573 ex
470 1530 583 1573 vitae
615 1530 815 1588 publicae
844 1538 963 1572 aestu
991 1530 1045 1572 ad
1076 1530 1204 1573 huius
1239 1530 1487 1573 academiae
1518 1532 1751 1573 recesserit
1774 1533 1974 1574 umbram
2007 1533 2245 1587 otiumque.
2318 1533 2430 1575 Cum
2459 1533 2648 1590 primum

253 1602 368 1646 enim
400 1602 588 1646 innotuit
618 1603 909 1647 Niebuhrium
936 1603 1106 1645 scholas
1135 1603 1382 1647 habiturum
1414 1618 1510 1646 esse
1542 1604 1816 1659 Bonnenses‚
1847 1604 2139 1659 Schlegelius‚
2181 1605 2308 1647 huius
2339 1604 2649 1649 Universitatis

252 1684 280 1717 t.
313 1684 342 1717 t.
378 1675 540 1719 Rector
570 1675 844 1731 magnificus,
872 1676 973 1719 ilico
1004 1677 1080 1719 has
1110 1677 1164 1719 ad
1197 1677 1322 1719 illum
1353 1676 1520 1720 litteras
1551 1676 1673 1719 dedit
1700 1677 2043 1720 honestissimas:

253 1748 370 1791 Euer
387 1748 837 1804 Hochwohlgeboren
869 1749 975 1793 bitte
1005 1749 1077 1793 ich
1107 1766 1179 1793 um
1197 1749 1456 1794 Erlaubniss
1486 1749 1586 1794 dem
1603 1749 1961 1803 Akademischen
1984 1749 2119 1795 Senat
2150 1750 2238 1794 und
2273 1749 2446 1793 meinen
2472 1756 2646 1794 sammt—

252 1820 398 1864 lichen
431 1819 650 1878 Collegen
682 1821 936 1866 voraneilen
964 1837 1015 1865 zu
1055 1821 1226 1878 diirfen,
1268 1822 1415 1866 indem
1454 1823 1527 1866 ich
1562 1822 1701 1866 Ihnen
1744 1822 1995 1882 perso'nlich
2038 1821 2130 1865 und
2171 1822 2217 1863 in
2253 1822 2442 1864 meinem
2485 1823 2648 1877 cignen

252 1891 422 1935 Namen
454 1892 596 1935 meine
626 1892 801 1936 frende
841 1893 950 1936 iiber
990 1894 1060 1937 die
1089 1894 1328 1938 Nachricht
1365 1897 1575 1952 bezeuge,
1620 1895 1788 1937 welche
1835 1895 1902 1936 ich
1949 1902 2127 1951 gestern
2169 1895 2349 1936 amtlich
2392 1894 2530 1936 durch
2576 1895 2647 1936 ein

252 1964 498 2008 Schreiben
520 1965 596 2007 des
616 1964 914 2023 Koniglichen
936 1966 1247 2010 Ministeriums
1279 1969 1491 2026 empfing,
1522 1969 1619 2011 dass
1652 1970 1726 2014 Sie
1755 1969 1937 2025 geneigt
1967 1968 2082 2022 sind,
2111 1967 2206 2008 hier
2239 1967 2493 2008 offentliche
2510 1967 2647 2009 Lehr-

251 2044 457 2094 vortriige
486 2053 538 2080 zu
569 2038 730 2080 halten.

383 2110 469 2151 Fiir
512 2110 581 2152 die
630 2110 1052 2154 wissenschaftliche
1092 2113 1439 2167 Bereicherung‚
1485 2114 1654 2155 welche
1687 2112 1805 2155 Euer
1834 2112 2281 2167 Hochwohlgeboren
2325 2111 2404 2153 der
2445 2110 2645 2166 hiesigen

251 2180 524 2223 Universitat
556 2183 795 2237 gewahren
826 2184 1001 2238 wollen,
1033 2190 1205 2225 miissen
1236 2184 1375 2226 Ihnen
1405 2185 1489 2227 alle
1525 2186 1772 2239 Mitbiirger
1806 2184 2039 2226 derselben
2071 2199 2144 2225 um
2176 2199 2223 2225 so
2256 2183 2506 2225 dankbarer
2535 2184 2644 2237 sein,

251 2253 306 2293 da
337 2268 383 2295 es
414 2254 638 2314 Ihnen-so
672 2256 806 2297 leicht
836 2256 1028 2311 gefallen
1061 2264 1191 2309 ware,
1237 2257 1308 2298 fiir
1350 2257 1419 2299 die
1467 2257 1718 2299 miindliche
1755 2257 2039 2310 Mittheilung
2071 2256 2198 2297 Ihrer
2236 2255 2522 2311 tiefsinnigen
2551 2255 2642 2298 und

251 2325 493 2380 originalen
525 2327 844 2384 Forschungen
878 2329 1007 2370 einen
1036 2327 1364 2384 glanzenderen
1399 2329 1665 2388 Schauplatz
1694 2345 1746 2371 zu
1779 2328 1941 2371 finden.

383 2398 460 2440 Ich
493 2400 767 2444 meinerseits
797 2402 1004 2444 wiinsehc
1036 2402 1118 2444 mir
1144 2401 1292 2446 Gliick
1325 2402 1449 2457 dazu,
1493 2402 1592 2446 dass
1633 2401 1703 2444 ein
1736 2402 1807 2444 fiir
1838 2400 1909 2443 die
1938 2399 2207 2455 Konigliche
2237 2399 2504 2443 Rheinische
2534 2400 2644 2445 Uni-

250 2470 428 2513 versitat
457 2488 503 2514 so
535 2472 859 2517 willkommnes
888 2475 977 2517 und
1006 2475 1281 2517 ehrenvolles
1309 2475 1538 2530 Ereigniss
1566 2475 1610 2517 in
1644 2474 1715 2517 die
1745 2473 1842 2517 Zeit
1873 2472 2039 2515 meines
2068 2473 2295 2516 Rectorats
2327 2472 2439 2514 fallt.

383 2543 535 2587 Wenn
578 2545 649 2588 ich
694 2547 815 2589 nicht
856 2548 1070 2590 fiirchtete
1108 2547 1383 2603 zudringlich
1428 2564 1479 2591 zu
1516 2549 1625 2602 sein,
1665 2562 1713 2590 so
1757 2546 1908 2589 wiirde
1945 2546 2012 2588 ich
2042 2545 2160 2588 Euer
2191 2545 2640 2600 Hochwohlgeboren

250 2614 385 2656 sehon
406 2616 515 2670 jetzt
547 2616 702 2671 bitten,
738 2618 854 2659 mich
885 2626 1013 2661 unter
1043 2619 1112 2661 die
1142 2619 1252 2662 Zahl
1284 2619 1409 2660 Ihrer
1438 2619 1637 2662 Zuhorer
1666 2617 2005 2659 aufzunehmen:
2052 2616 2170 2659 denn
2208 2616 2279 2658 ich
2316 2616 2434 2658 hoffe
2464 2616 2641 2671 gewiss‚

250 2686 422 2727 welche
455 2687 657 2731 Stunden
691 2690 765 2734 Sic
796 2691 907 2732 auch
936 2692 1109 2734 wahlen
1142 2697 1315 2747 mogen,
1358 2690 1428 2732 ffir
1458 2690 1553 2732 eine
1583 2689 1730 2731 solche
1762 2689 2025 2742 Benutzung
2060 2687 2177 2730 mich
2213 2703 2297 2730 von
2331 2687 2449 2730 allen
2477 2688 2642 2730 andern

250 2757 520 2801 Geschiiftcn
552 2760 636 2803 frei
667 2761 851 2804 machen
880 2778 931 2805 zu
964 2763 1155 2808 konnen.

382 2829 463 2872 Mit
495 2830 751 2888 Verlangen
787 2833 891 2875 sehe
922 2834 993 2875 ich
1027 2834 1221 2877 naheren
1252 2834 1550 2877 Nachriehten
1589 2834 1698 2876 iiber
1740 2834 1825 2876 den
1856 2833 2097 2890 Zeitpunkt
2130 2832 2259 2875 Ihrer
2290 2832 2505 2887 Ankunft,
2548 2834 2640 2877 und

248 2902 563 2944 insbesondere
597 2904 787 2947 dariiber
818 2913 1056 2962 entgegen‚
1084 2907 1138 2948 ob
1169 2907 1250 2949 wir
1280 2906 1325 2949 in
1356 2906 1521 2949 diesem
1540 2906 1988 2952 Sommer-Semester
2018 2904 2130 2947 noch
2164 2903 2308 2959 einige
2327 2903 2641 2962 Vorlesungen

249 2987 334 3015 von
361 2973 500 3015 Ihnen
531 2990 582 3016 zu
620 2976 770 3018 hoffen
807 2977 964 3020 haben.
1038 2979 1144 3021 Alle
1175 2980 1423 3035 etwanigen
1451 2979 1627 3021 hierauf
1652 2979 1943 3034 beziiglichen
1977 2977 2195 3032 Auftriige
2229 2992 2314 3018 von
2345 2975 2462 3020 Euer
2494 2977 2641 3021 Hoch-

250 3046 564 3103 wohlgeboren
596 3049 747 3091 werde
776 3049 849 3091 ich
879 3051 993 3092 mich
1025 3052 1241 3094 bemiihen
1269 3052 1347 3094 auf
1373 3051 1448 3094 das
1479 3058 1719 3107 genaueste
1750 3067 1802 3093 zu
1833 3052 2064 3105 besorgen.

648 3122 957 3179 Genehmigen
983 3124 1058 3169 Sie
1084 3140 1124 3166 u.
1154 3140 1187 3166 s.
1218 3141 1271 3167 w.

513 3193 640 3236 Bonn
674 3194 760 3238 den
793 3196 908 3237 18te11
940 3198 1059 3240 Miirz
1095 3198 1214 3241 1825.
