2956 4044
1404 165 1472 208 VI

232 301 337 345 mihi
368 301 521 344 videor
547 300 823 356 intellegere.
856 299 1061 343 nimirum
1091 300 1402 357 grammaticus
1424 299 1649 343 Mediceus
1674 313 1770 342 cum
1803 297 1981 354 legebat
2011 296 2176 355 ἐκείνην
2205 292 2432 342 ἀπώλειαν
2465 294 2644 355 πρώτην

232 373 414 431 ἡγοῦμαι
444 371 522 431 τὴν
549 375 626 431 τῆς
651 371 862 425 δουλείας,
898 370 1103 428 δευτέραν
1131 372 1179 415 δὲ
1209 369 1291 430 τήν
1321 374 1406 416 τοῦ
1434 368 1647 426 θανάτου,
1685 384 1793 413 voce
1825 370 2008 428 ἠγοῦμαι
2039 369 2248 429 deceptus
2278 371 2492 414 voeabula
2520 367 2643 428 πρώ-

231 462 310 504 την
343 454 387 489 et
417 445 623 502 δευτέραν
651 459 882 503 perperam
915 444 1286 503 interpretabatur
1312 438 1593 510 ‘primariam'
1625 450 1667 485 et
1693 437 2039 486 ‘secundariam'.
2070 442 2216 499 itaque
2243 457 2340 485 cum
2370 443 2453 485 sibi
2475 442 2644 485 videre-

234 524 303 559 tur
334 517 511 573 legere:
539 512 855 573 ‘captivitatem
883 516 1022 557 altero
1056 515 1173 573 quod
1204 531 1321 559 nunc
1348 517 1479 559 instat
1510 517 1645 559 maius
1680 516 1818 557 habeo
1839 509 2071 568 damnum'‚
2103 514 2212 557 hanc
2231 515 2495 558 sententiam
2515 515 2644 557 ctiam

235 588 393 632 fortius
428 587 706 631 redditurus:
745 587 923 646 ἐκείνην,
954 588 1109 645 inquit,
1140 583 1369 632 ἀπώλειαν
1396 586 1543 644 μόνως
1572 586 1771 643 ὁρίζομαι
1798 585 1875 644 τὴν
1902 587 1978 643 τῆς
2008 585 2222 641 δουλείας,
2252 580 2304 629 οὐ
2334 584 2413 644 τὴν
2432 588 2519 641 νῦν,
2550 585 2643 643 qui-

232 662 314 703 bus
345 669 389 702 et
422 676 446 702 a
480 662 698 703 sententia
726 662 985 703 scholiastae
1017 669 1060 703 et
1085 677 1109 702 a
1140 669 1269 718 poeta
1300 674 1480 717 prorsus
1512 660 1743 702 aberravit.
1801 658 1920 714 Ergo
1952 658 2034 699 hoc
2062 657 2225 700 codicis
2253 659 2514 703 Farnesiani
2542 655 2644 710 σχό-

232 735 327 777 λιον
356 731 547 776 παλαιόν
578 747 732 791 reapse
759 741 802 776 ct
832 742 958 776 vetus
986 743 1052 778 cst
1086 742 1130 776 et
1160 735 1373 777 vetustius
1406 733 1557 776 codice
1588 732 1800 784 Mediceo,
1830 732 1954 773 cuius
1986 730 2295 786 grammaticus
2325 745 2375 772 ea
2405 730 2499 788 ipsa
2530 744 2640 786 quae

236 807 333 849 cod.
364 807 496 849 Farn.
525 806 715 848 servavit
747 821 976 863 perperam
1010 808 1326 863 interpretatus
1358 807 1547 863 ineptias
1579 820 1677 846 suas
1708 804 1896 860 scripsit,
1943 816 1998 845 ex
2029 803 2186 857 quibus
2222 817 2277 844 ne
2314 802 2516 858 Oedipus
2551 803 2644 857 qui-

236 877 334 921 dem
366 878 590 920 elicuisset
621 877 739 919 illam
772 892 882 932 quae
913 877 957 919 in
991 876 1086 919 cod.
1121 877 1253 920 Farn.
1286 878 1451 932 legitur
1482 878 1834 935 explicationem.

365 950 524 1006 Agam.
555 965 596 992 v,
625 949 728 993 260:
902 946 990 1005 ἥκω
1024 948 1208 1003 σεβίζων
1238 947 1330 1000 σὸν,
1361 947 1741 1006 Κλυταιμνήστρα,
1774 945 1957 1003 κράτος·

904 1020 1000 1076 δίκη
1033 1017 1111 1076 γάρ
1146 1021 1236 1065 ἑστι
1265 1020 1419 1079 φωτὸς
1448 1017 1635 1078 ἀρχηγοῦ
1664 1021 1771 1065 τίειν

897 1091 1071 1148 γυναῖκ’
1092 1092 1401 1149 ἐρημωθέντος
1428 1088 1611 1149 ἄρσενος
1644 1089 1825 1148 θρόνου.

237 1163 282 1209 in
316 1163 410 1208 cod.
444 1162 480 1207 F
482 1180 570 1208 arn.
601 1164 684 1207 hoc
712 1162 887 1218 σχόλιον
915 1160 1104 1209 παλαιόν
1134 1164 1319 1221 legitur:

504 1236 810 1292 ἐρημωθέντος
838 1231 1025 1291 ἔρσενος
1054 1235 1247 1292 θρόνους
1278 1232 1408 1294 ἤγουν
1439 1235 1604 1293 ἐρήμου
1636 1235 2007 1292 καταλειφθέντος
2034 1236 2113 1275 τοῦ
2130 1231 2300 1290 θρόνου
2316 1236 2394 1275 τοῦ
2417 1234 2641 1286 βασιλέως,

501 1305 562 1359 ὥς
594 1303 929 1365 ἀποδημοῧντος
958 1308 1136 1351 ἐκείνου.
1169 1306 1389 1364 παρόντος
1419 1309 1567 1363 μέντοι
1600 1303 1651 1350 οὗ
1682 1309 1751 1350 δεῖ
1778 1303 2043 1360 ἐντυγχάνειν
2068 1301 2180 1365 αὐτῇ
2211 1303 2354 1347 πάντα
2375 1304 2543 1348 καὶτὸν
2569 1323 2644 1348 τι·-

498 1377 642 1436 χόντα.

237 1456 291 1497 ad
323 1469 433 1511 quae
466 1455 746 1498 Dindorfius:
776 1454 875 1497 ‘nur
905 1456 976 1497 die
1008 1455 1171 1497 letzten
1198 1455 1355 1497 Worte
1385 1455 1482 1497 sind
1514 1470 1589 1497 aus
1619 1455 1718 1497 dem
1752 1454 1868 1498 Med.
1899 1454 2112 1497 Scholion
2136 1447 2447 1495 entnommcn’.
2485 1452 2529 1495 in
2561 1453 2643 1495 hoc

232 1527 398 1570 scilicet
435 1528 542 1569 haec
578 1528 877 1570 tantummodo
910 1528 1122 1583 leguntur
1154 1529 1305 1570 verba:

914 1595 1134 1653 παρόντος
1159 1598 1303 1653 μέντοι
1340 1594 1392 1642 οὔ
1423 1601 1493 1643 δεῖ
1520 1596 1818 1655 συντυγχάνειν
1847 1594 1967 1657 αὐτῇ.

236 1671 322 1713 iam
353 1670 461 1713 haec
492 1670 585 1727 ipse
615 1670 865 1713 consideres
895 1670 1027 1713 velim
1060 1670 1162 1726 quid
1194 1671 1350 1723 dicant,
1388 1672 1422 1715 si
1455 1687 1543 1714 non
1574 1672 1843 1730 praecedunt
1879 1672 2013 1713 verba
2046 1670 2258 1721 βασιλέως
2284 1664 2642 1726 ἀποδημοῦντος.

234 1742 439 1785 nimirum
470 1739 692 1797 παρόντος
720 1742 774 1785 ad
806 1758 959 1786 vocem
987 1743 1201 1796 βασιλέως
1238 1745 1430 1787 refertur
1470 1759 1578 1802 quae
1618 1745 1663 1787 in
1693 1744 1839 1787 verbis
1878 1761 1902 1787 a
1931 1751 2081 1787 vetere
2125 1744 2355 1787 scholiasta
2395 1743 2643 1801 praemissis

232 1814 416 1869 legitur,
452 1822 495 1858 et
525 1812 745 1868 παρόντος
771 1815 920 1870 μέντοι
952 1816 1144 1872 scripsit,
1175 1816 1246 1873 qui
1278 1816 1407 1859 modo
1442 1817 1675 1874 scripserat
1701 1811 2036 1872 ἀποδημοῦντος
2065 1814 2244 1859 ἐκείνου.
2292 1821 2357 1857 est
2387 1815 2523 1873 igitur
2556 1830 2644 1857 ma·

236 1887 444 1930 nifestum
481 1887 587 1929 haec
616 1895 824 1944 excerpta
855 1902 949 1930 esse
983 1902 1040 1930 ex
1070 1888 1243 1942 integro
1274 1897 1426 1930 vetere
1463 1889 1629 1932 scholio
1650 1889 1744 1931 cod.
1765 1888 1913 1943 Fam„
1945 1888 2060 1944 quod
2082 1895 2311 1946 postquam
2329 1888 2643 1944 grammaticus
2706 1891 2708 1893 ’

237 1959 462 2001 Mediceus
491 1959 615 2015 legit,
647 1974 703 2001 ex
737 1974 858 2001 more
890 1975 968 2002 suo
996 1961 1178 2003 alteram
1210 1967 1375 2001 tantum
1407 1969 1577 2018 partem
1611 1961 1805 2002 exaravit
1836 1961 2070 2016 cogitando
2101 1961 2302 2018 suppleta
2338 1960 2485 2002 altera.
2527 1961 2642 2015 quod

235 2031 348 2072 bene
389 2031 659 2085 intellegens
701 2031 920 2074 Victorius
966 2032 1076 2087 (sive
1120 2032 1370 2089 Stephanus
1420 2033 1535 2086 fnit),
1573 2033 1731 2074 additis
1771 2047 1794 2074 e
1835 2032 1930 2075 cod.
1963 2032 2094 2075 Farn.
2127 2047 2237 2088 quac
2267 2032 2327 2074 ibi
2358 2033 2642 2090 praecedunt,

233 2102 408 2159 scripsit
437 2102 710 2153 (Dindorfius
741 2103 848 2146 haec
879 2104 1153 2146 Robortellio
1187 2104 1322 2157 dedit,
1352 2105 1423 2160 qui
1458 2105 1516 2145 nil
1553 2104 1635 2146 nisi
1668 2105 1801 2146 verba
1830 2104 1966 2146 schol.
2000 2103 2161 2146 Medic.
2190 2104 2362 2156 habet):
2392 2098 2521 2161 ἤγουν
2551 2102 2643 2161 ἐρή-

230 2190 316 2228 μου
348 2173 740 2232 καταλειφθέντος,
770 2173 829 2227 ώς
859 2171 1197 2232 ἀποδημοῦντος
1224 2178 1307 2219 1τοῦ
1333 2175 1560 2230 βασιλέως·
1597 2173 1816 2232 παρόντος
1844 2175 1991 2231 μέντοι
2023 2171 2080 2218 ου’
2109 2176 2178 2219 δεῖ
2196 2173 2499 2233 συντυγχάνειν
2516 2171 2641 2235 αὐτῇ.

235 2246 296 2289 sic
327 2246 445 2289 enim
474 2246 549 2289 ille
583 2248 748 2290 scholia
779 2247 980 2291 Medicea
1012 2248 1087 2291 ubi
1120 2257 1325 2306 corrupta
1368 2250 1439 2292 vel
1480 2265 1635 2293 manca
1677 2250 1852 2292 videbat
1891 2264 1946 2292 ex
1986 2249 2082 2292 aliis
2122 2250 2348 2293 codicibus
2379 2250 2642 2307 corrigebat.

233 2317 377 2361 Simili
408 2320 537 2361 modo
565 2321 874 2376 grammaticus
907 2320 1127 2362 Mediceus
1156 2322 1208 2363 ad
1238 2322 1459 2364 Prometh.
1489 2321 1654 2363 v.409:

900 2387 1126 2445 ἀπόλεμος
1158 2391 1231 2435 ὅδε
1262 2409 1308 2449 γε
1341 2392 1551 2447 πόλεμος,
1580 2388 1727 2444 ἄπορα
1760 2390 1950 2446 πόριμος

233 2462 342 2503 haec
377 2469 542 2503 tantum
573 2462 826 2519 adscripsit:

1124 2532 1314 2589 πόριμος
1341 2531 1492 2586 αὐτοῖς

234 2617 343 2660 quae
372 2604 591 2662 quomodo
622 2605 715 2661 quis
748 2605 972 2663 scripserit
1002 2606 1075 2649 vix
1107 2606 1340 2664 intelleges
1369 2607 1451 2652 nisi
1482 2607 1685 2652 adhibitis
1718 2607 1976 2652 scholiastae
2001 2608 2044 2652 A
2073 2609 2236 2653 verbis:

899 2682 995 2731 τοῖς
1023 2674 1251 2732 ἀδυνάτοις
1278 2681 1510 2736 ἐπιχειρῶν
1536 2680 1605 2723 καὶ
1638 2678 1837 2735 πόριμος
1864 2675 2030 2732 αὐτοῖς.

235 2763 289 2791 ex
320 2750 476 2807 quibus
510 2764 610 2791 cum
640 2751 950 2805 grammaticus
982 2750 1210 2794 Mediceus
1240 2753 1346 2796 haec
1380 2752 1530 2796 ultima
1560 2750 1731 2808 πόριμα
1759 2752 1914 2805 αὐτοῖς
1946 2753 2225 2812 excerpebat,
2258 2768 2313 2798 ex
2346 2754 2398 2798 iis
2431 2768 2540 2812 quae
2575 2754 2643 2796 le-

233 2830 358 2877 gerat
388 2823 663 2879 pronominis
692 2823 779 2864 vim
809 2824 1040 2881 supplebat
1071 2824 1269 2880 cogitans
1300 2840 1450 2869 secum
1486 2823 1680 2880 πόριμος
1707 2820 1942 2878 ἀδυνάτοις
1971 2826 1995 2868 i.
2025 2841 2061 2870 e.
2090 2821 2291 2883 ἀπόροις.
2325 2826 2400 2871 Sic
2435 2827 2565 2869 etiam
2596 2827 2641 2869 in

234 2895 586 2949 Agamemnonis
618 2896 717 2937 loco
751 2910 858 2952 quae
888 2897 1062 2953 scripsit
1090 2896 1135 2938 in
1169 2897 1219 2939 iis
1253 2898 1453 2940 nituntur
1486 2913 1596 2954 quae
1629 2898 1672 2939 in
1705 2895 1874 2940 scholio
1905 2898 2001 2941 cod.
2032 2898 2162 2942 Farn.
2194 2900 2475 2957 praecedunt.
2506 2898 2643 2940 Prae·

235 2972 355 3008 terea
387 2981 486 3008 cum
517 2966 579 3008 nil
613 2967 697 3008 nisi
726 2963 945 3022 παρόντος
965 2959 1121 3022 ἱμέντοι
1151 2963 1203 3010 οὔ
1229 2970 1298 3012 δεῖ
1326 2966 1626 3026 συντυγχάνειν
1654 2964 1762 3028 αὐτῇ
1801 2969 1944 3024 dabat,
1980 2970 2181 3013 brevitati
2224 2971 2403 3014 studens
2442 2967 2536 3013 τινά
2574 2984 2641 3012 co-

235 3037 416 3092 gitando
445 3038 719 3097 supplevisse
751 3039 925 3082 videtur
957 3055 1035 3097 pro
1068 3040 1260 3082 subiecto
1291 3042 1406 3098 quod
1442 3050 1567 3084 vetus
1599 3042 1833 3084 scholiasta
1870 3044 2104 3101 scripserat
2148 3041 2289 3086 πάντα
2327 3052 2370 3086 et
2409 3043 2525 3099 quod
2565 3057 2639 3085 ex·

236 3109 438 3166 plicando
473 3110 642 3153 addidit
669 3112 739 3154 καὶ
769 3109 845 3153 τόν
873 3109 1070 3166 τυχόντα,
1111 3128 1220 3166 quae
1251 3129 1318 3171 ap.
1352 3114 1555 3157 Dindorf.
1585 3115 1629 3156 in
1661 3115 1731 3156 καὶ
1757 3111 1812 3155 τὰ
1841 3111 2024 3167 τυχόντα
2054 3124 2257 3174 corrupta
2288 3124 2388 3158 sunt
2421 3124 2639 3172 tamquam

235 3183 520 3239 praecederet
543 3179 730 3227 ‘omnia'.
